3160 5176
474 277 609 332 Mirabiiia
626 278 745 333 breviata
762 284 790 335 ιιι
806 277 974 346 interpolata.
1294 281 1369 346 ’135

58 472 153 536 quaa.
172 470 256 516 nuuc
279 451 450 532 attribuitur
473 451 654 522 Tusculano.
699 453 805 522 Altera
826 463 914 536 porta
938 471 1017 538 quac
1039 455 1162 537 respicit
1186 456 1270 550 iliam
1293 455 1367 542 (aar.

58 557 161 640 uiam)
184 557 396 640 Pompeianam
420 555 477 641 (ι)
499 557 565 620 siva
595 558 811 636 Peaastriuam,
843 579 922 641 quae
954 559 1043 626 altior
1073 569 1103 624 et
1133 563 1301 642 spaciusior
1325 561 1370 626 'ad

58 661 275 734 differentiam
297 661 379 727 iliius
400 680 478 750 quac
502 662 600 726 minor
623 670 671 726 ast
694 661 803 729 dicitur
826 663 933 756 maiori
970 664 1061 738 Parta
1083 664 1212 730 Tauriua
1236 686 1274 729 ea
1299 649 1370 748 quia

57 766 100 828 ihi
129 767 265 834 scultum
289 765 347 842 [uit
369 774 458 848 caput
479 768 629 832 taurinum
653 767 775 849 duplam,
798 770 911 833 siccum
930 769 1093 832 etriride:
1117 770 1230 834 siccum
1253 770 1371 836 deforis

58 873 223 956 siguificat
245 890 300 936 cus
326 873 388 954 qui
403 879 513 950 tauuas
535 873 648 950 intrant
678 871 802 948 urbcm3
840 873 937 940 uirida
968 875 1034 941 sive
1064 873 1187 957 plenum
1217 875 1256 938 da
1286 876 1368 941 intus

61 977 223 1060 significat
246 995 300 1039 eas
323 977 374 1057 qui
392 975 506 1058 'divitas
531 985 653 1040 exeunt.
678 1027 686 1043 .
710 1025 748 1042 ..
793 978 883 1041 Portu
914 977 1038 1043 Saliaria
1069 978 1161 1042 habet
1189 979 1265 1045 duas
1295 981 1372 1056 uiua,

62 1081 229 1146 Saliariam
251 1088 389 1144 ueterem
422 1100 499 1161 quaa
523 1079 604 1144 tuctu
627 1081 663 1148 ad
686 1089 809 1168 pontem
832 1082 953 1148 ιιιιιιιιιι
985 1089 1115 1148 ιιιιονι
1145 1101 1223 1164 quac
1248 1085 1309 1148 exit
1333 1084 1369 1146 ad

62 1194 196 1266 pontum
230 1174 397 1251 satta-tum
439 1185 528 1254 Purta
551 1185 690 1249 Pinciaua
721 1187 789 1268 quia
811 1179 861 1250 ibi
895 1187 930 1255 ad
962 1187 1043 1250 idam
1076 1187 1219 1270 palatium
1251 1207 1371 1272 pugua-

63 1290 143 1354 baut
168 1297 227 1355 ctc.
249 1289 285 1356 L.

155 1393 210 1458 Aa
230 1394 377 1476 capati
399 1411 433 1472 p
449 1387 507 1470 92,
531 1393 580 1456 18.
604 1396 704 1457 Arcus
717 1393 913 1476 triumphalis
936 1413 1124 1460 marmoreus
1141 1347 1372 1476 quamseuatua

61 1499 247 1582 insignitum
270 1497 405 1580 traphais
428 1493 532 1570 Druso
551 1499 629 1580 patri
649 1499 775 1565 Claudii
798 1499 937 1569 Caesaris
966 1500 1105 1564 decreuit
1133 1508 1261 1581 propter
1292 1500 1373 1563 bella

62 1603 210 1668 Reticum
235 1601 493 1667 ethrruanicum
516 1604 553 1666 ab
577 1622 616 1667 eo
639 1603 782 1670 nobiliter
805 1603 956 1680 confecta,
980 1606 1065 1670 cuius
1089 1605 1220 1687 vestigia
1242 1604 1372 1686 uiuup-

64 1716 191 1788 pauent.
211 1707 263 1789 qui
286 1714 334 1772 ast
356 1706 431 1774 toris
454 1715 575 1788 porta-ur
595 1709 723 1790 Appiam
746 1708 783 1771 ad
806 1706 949 1789 templum
972 1709 1102 1784 iiurtis.⁴
1123 1708 1158 1774 L.
1311 1777 1314 1786 ⁴

153 1835 188 1894 p.
212 1813 266 1889 93,
292 1813 321 1876 6.
345 1811 443 1874 Arcus
466 1813 600 1892 Faustini
622 1813 653 1876 in
675 1813 828 1879 Aventina
851 1815 934 1880 iuxta
957 1821 1091 1878 sanctam
1115 1813 1265 1877 Sabinam.
1288 1813 1325 1880 L.

158 1917 210 1980 Aa
232 1924 327 1996 caput
342 1918 370 1984 5.
392 1937 424 1998 p.
439 1917 496 1992 93,
512 1917 543 1980 8.
566 1917 731 1982 ianiculus.
755 1917 934 1993 Aventinus,
959 1919 1010 1999 uui
1033 1926 1064 1981 at
1083 1917 1237 2000 J'umiualis
1260 1916 1369 1980 dicitur

64 2041 87 2089 ι.
112 2022 251 2087 Albistc.
296 2020 405 2096 Catius
420 2039 536 2086 maus.
560 2020 776 2102 Campitolium.
822 2021 1015 2104 pallaracum.
1054 2019 1259 2102 Mariauapuli
1303 2020 1372 2084 Tri-

66 2127 205 2209 quiliuus
227 2125 266 2186 H.

158 2231 212 2293 Αιι
234 2239 328 2312 caput
351 2234 376 2295 7.
396 2251 430 2310 p.
455 2230 509 2306 93,
534 2229 581 2294 13.
625 2249 653 2312 p.
685 2251 723 2296 m.
754 2189 935 2296 munarchae
966 2229 1086 2294 urbis
1077 2249 1108 2292 ru
1139 2248 1200 2312 quu
1223 2229 1315 2343 series
1339 2239 1370 2294 at

68 2344 164 2419 caput
187 2336 280 2398 totius
304 2337 388 2398 orbis
411 2343 458 2398 est
480 2334 514 2400 L

153 2461 190 2522 p.
214 2439 268 2516 93,
290 2441 348 2507 20.
390 2439 550 2521 columpna
574 2458 651 2518 quaa
674 2440 771 2504 adhuc
793 2403 936 2502 Autciiua
959 2457 1015 2504 suo
1038 2439 1160 2514 uomina
1182 2447 1310 2508 uocatur
1331 2441 1371 2505 Η.

156 2543 211 2606 Ad
232 2544 377 2626 cuput8
396 2564 430 2625 p.
454 2543 507 2624 94,
534 2544 564 2610 3
610 2545 762 2622 theatrum
784 2544 919 2626 Porupaii
941 2544 1025 2610 iuxta
1053 2541 1196 2626 palatium
1226 2544 1307 2610 cius
1320 2545 1373 2612 ubi

68 2651 182 2740 dicitur
205 2656 290 2731 zatru
312 2649 344 2712 H
372 2651 412 2726 (ι’.
437 2669 463 2712 e.
490 2655 632 2728 tecua).

158 2755 212 2816 Ad
233 2763 328 2834 caput
350 2754 380 2818 9.
400 2775 433 2835 p.
457 2752 511 2831 94,
534 2752 582 2817 12.
625 2752 668 2816 ibi
691 2752 766 2816 dixit
787 2752 885 2834 capud
907 2761 971 2816 tar:
988 2777 992 2784 ’
1007 2750 1110 2828 iesus,
1140 2750 1248 2828 iesus,
1270 2750 1373 2828 iesus,
1416 2800 1419 2804 .

68 2858 220 2936 saltando,
244 2859 295 2924 ubi
318 2857 415 2922 adhuc
438 2867 501 2922 tres
525 2856 628 2922 tontes
651 2865 791 2922 emanant
813 2855 927 2922 diuersi
949 2857 980 2918 in
1002 2840 1113 2938 capara
1135 2855 1166 2920 J.
1442 2844 1444 2847 ’

155 2983 190 3044 p.
213 2961 268 3040 94,
295 2963 344 3031 19.
379 2967 692 3044 carucatarum
714 2962 745 3031 4.
772 2963 845 3028 cdd.
867 2969 998 3043 practer
1020 2951 1212 3028 uitariuxtu
1235 2967 1372 3029 succuum

71 3107 206 3197 Petrum,
230 3121 281 3183 ubi
300 3118 352 3186 est
374 3139 461 3184 muns
475 3065 596 3184 trimis
610 3066 735 3194 ‘einum
758 3118 843 3180 iuxta
866 3123 997 3180 muntem
1006 3115 1197 3179 Aventinum
1213 3123 1261 3179 est
1283 3135 1369 3180 mous

72 3233 235 3302 testarum,
266 3225 318 3288 ubi
340 3225 428 3289 ludus
452 3234 499 3290 ast
533 3227 562 3287 in
594 3225 693 3288 carnis
721 3221 820 3304 pricio
850 3217 930 3306 (coc.
962 3217 1083 3306 primo)
1116 3221 1146 3284 iu
1169 3221 1247 3284 urha
1278 3229 1374 3284 mater

72 3331 178 3394 turrim
210 3331 328 3395 comitis
358 3333 389 3394 iu
420 3330 551 3395 ecclesia
580 3329 675 3396 sancti
702 3328 829 3410 Nicolay
860 3333 908 3389 est
937 3325 1098 3448 cuiumpua
1125 3326 1250 3390 Adriani
1280 3323 1320 3411 [i.
1345 3345 1371 3392 a.

76 3434 277 3520 Traiani).¹

160 3539 212 3602 Act
225 3533 376 3620 caputii
389 3559 421 3619 p.
438 3539 492 3625 95,
510 3541 536 3602 7.
561 3539 687 3624 primum
712 3537 889 3601 cimiterium
913 3536 1008 3600 sancti
1023 3505 1168 3598 iohannis
1192 3541 1223 3597 et
1237 3533 1319 3598 Pauli
1332 3531 1372 3600 Η.

155 3665 189 3726 p
206 3645 259 3720 95,
285 3643 315 3706 9.
340 3643 532 3708 catacumbas
557 3649 594 3708 ad
618 3651 753 3708 sanctum
776 3641 939 3703 Fabianum
964 3648 995 3703 et
1018 3640 1229 3705 Sabastrauum
1252 3639 1282 3705 J

159 3748 210 3811 Au
232 3756 328 3828 caput
350 3747 402 3814 22.
423 3769 456 3829 p
480 3750 552 3828 197,
576 3751 607 3812 2.
631 3750 705 3811 οιιιι
729 3745 795 3811 talis
819 3745 1008 3894 imparatcris
1030 3743 1068 3806 Η.
1104 3745 1180 3808 ιιιο
1210 3750 1280 3808 sunt
1303 3760 1373 3806 ossa

80 3854 149 3918 ciuis
173 3859 203 3918 et
225 3855 314 3916 nerui
337 3856 529 3937 imperatoris
552 3855 589 3920 11.

160 3956 209 4021 Aa
230 3967 327 4038 caput
348 3954 400 4025 23
422 3979 454 4038 p
478 3959 550 4036 107,
581 3957 632 4023 23
677 3963 804 4040 propter
828 3889 909 4038 quud
933 3953 1043 4018 iactum
1066 3952 1152 4017 multi
1174 3951 1271 4016 adhuc
1295 3971 1371 4016 con-

82 4060 159 4126 sulas
180 4080 385 4128 romanarum.
396 4061 428 4146 ¹i)

162 4166 213 4229 Ad
232 4175 329 4248 caput
349 4162 402 4231 24.
422 4186 455 4247 p
478 4164 553 4249 108,
577 4167 629 4231 19.
652 4165 795 4247 templum
817 4161 945 4238 Jouis,
936 4183 967 4227 ur
990 4183 1050 4249 quo
1074 4170 1141 4230 arat
1156 4169 1253 4230 statua
1278 4177 1372 4227 aurea

83 4269 162 4335 Jouis
184 4251 327 4335 saierus
318 4289 348 4334 ur
372 4289 467 4335 aureo
490 4279 579 4335 trono
603 4269 643 4333 M.
843 4277 849 4284 “

151 4569 177 4636 ⁸)
195 4586 228 4624 cc.
246 4573 369 4624 conculca
386 4573 484 4624 artium
503 4575 531 4624 at
548 4570 729 4638 collegiorum.
