3208 5188
207 289 271 357 tto
631 293 749 360 emptu
766 309 863 348 aureae
876 295 954 366 prbis
970 294 1079 366 Rumpe.

295 481 329 528 se
352 461 382 524 in
405 460 535 542 palatino
558 475 661 532 monte
684 475 859 534 constructo
881 470 972 554 regni
987 467 1092 534 sedem
1107 468 1247 534 habehat
1269 467 1303 532 ln
1319 487 1379 550 quo
1396 487 1507 532 omnes

296 576 403 652 postea
433 569 633 651 imperatores
673 579 704 635 et
738 591 861 638 cesares
896 571 1026 636 feliciter
1061 569 1282 640 habitaverunt.
1318 573 1373 636 Eo
1412 575 1507 636 etiam

290 700 428 774 tempore
450 692 572 755 nerotth
596 683 701 775 quiet
724 675 866 760 saturnus
889 713 1000 778 aJove
1031 695 1092 759 lilio
1124 696 1343 760 eunuchizatus
1374 695 1452 758 ad
1438 715 1507 778 Jam

291 796 442 862 dictum
433 797 492 860 rani
524 817 652 898 reguum
683 799 814 868 devenit.
854 803 981 884 eiusque
1017 801 1168 864 iuvamine
1210 799 1302 869 fultus
1333 801 1510 864 construxit

225 903 245 964 5
291 902 444 965 civilatem
474 893 506 965 ¹in
539 880 679 986 capitolio
719 925 808 986 quarn
842 905 881 968 de
915 924 972 970 suo
1001 906 1123 969 nomine
1150 913 1302 970 saturnum
1334 905 1509 987 appellavit.

197 1041 201 1062 ι
225 1005 419 1088 θ’1111111ιιιι
430 1007 540 1070 diebus
563 1007 652 1071 italus
682 1022 749 1072 rex
771 1022 837 1072 cum
869 1011 1051 1074 siracusanis
1086 1011 1155 1074 ad
1146 1028 1244 1074 renum
1286 1013 1316 1072 'et
1348 1019 1507 1074 saturnum

199 1127 215 1138 ··
257 1118 261 1128 '
232 1105 416 1174 veniens
439 1111 610 1174 construxit
633 1111 1045 1178 civitatem''iuxta'albulem
1061 1113 1191 1200 lluvium
1211 1123 1353 1195 'eamque
1386 1111 1427 1176 ex
1450 1133 1509 1178 suo

287 1215 413 1280 'nomine
436 1217 568 1290 vocavit,
599 1225 630 1280 et
653 1213 934 1304 albulum'iluvium
965 1201 1010 1282 ιιι1
1032 1219 1193 1303 imaginem
1217 1218 1300 1282 fosse
1329 1219 1509 1283 siracusane

212 1397 214 1405 y
289 1338 349 1403 que
373 1320 459 1383 tibris
483 1289 701 1422 appellabatur,
725 1323 826 1386 tibrim
849 1325 1091 1414 nominaverunt.
1115 1317 1257 1386 hercules
1281 1341 1406 1414 quoque
1429 1323 1509 1387 filius

200 1419 244 1486 10
287 1415 318 1508 pl
339 1414 368 1486 h'
391 1444 459 1488 cum
482 1423 605 1508 argivis
627 1435 660 1489 ut
682 1446 774 1518 varro
798 1426 951 1504 describit,
975 1427 1012 1490 ad
1034 1447 1164 1511 regnum
1187 1418 1257 1490 iani
1278 1427 1409 1488 veniens
1435 1425 1509 1492 fecit

234 1599 236 1606 ,
291 1531 442 1593 ciuitatem
464 1529 626 1592 valentiam
649 1510 714 1596 suh
730 1532 880 1614 capitolio.
912 1530 1085 1614 posthunc
1108 1532 1194 1595 tibris
1224 1551 1282 1594 rex
1311 1532 1505 1634 aboriginum

216 1629 218 1636 ’
265 1641 473 1717 cumgente
497 1635 701 1700 suaveolens
725 1635 876 1701 edificavit
899 1638 1049 1700 civitatem
1074 1637 1158 1700 iuxta
1180 1635 1281 1698 tibrim
1303 1627 1388 1698 iuxta
1413 1655 1505 1718 quam
1582 1617 1583 1624 ¹

292 1739 413 1804 occisus
438 1745 485 1801 est
507 1739 543 1802 ab
570 1737 751 1822 italoroge,
774 1740 929 1824 inpugna
953 1760 1041 1822 quem
1064 1759 1132 1804 curn
1157 1757 1195 1804 eo
1218 1739 1331 1804 babuit.
1376 1739 1505 1802 Domum
1582 1805 1583 1820 χ

227 1873 257 1900 ι.
288 1860 379 1906 uero.
395 1839 542 1906 evander·
560 1861 617 1906 rex
639 1843 813 1908 Archadius
847 1863 915 1908 curn
946 1846 1008 1908 suis
1039 1843 1118 1908 iecit·
1147 1844 1298 1908 civitatem
1332 1843 1362 1905 in
1401 1851 1505 1907 monte
1582 1909 1583 1922 χ

204 1956 265 2028 15·
289 1963 430 2048 palatino.
468 1959 529 2028 Silr
552 1969 583 2028 et
604 1971 662 2030 rex
684 1953 799 2038 co'riba
811 1984 879 2030 curn
902 1961 1099 2030 saerano'rum
1122 1966 1259 2029 exercitu
1275 1965 1405 2028 veniens
1431 1983 1505 2027 con·
1582 1963 1583 2012 1

290 2069 402 2138 struxit
423 2069 575 2132 civitatem
597 2067 681 2134 iuxta
702 2071 733 2134 in
755 2069 845 2144 valle,
880 2068 1124 2160 Glaucusetiaur
1146 2068 1224 2136 filius
1247 2069 1346 2135 minor
1362 2069 1432 2132 eius
1456 2067 1506 2132 filii
1582 2105 1583 2158 3

244 2247 247 2252 ¹
290 2175 379 2240 iovis.
402 2193 469 2239 oum
484 2174 549 2248 ¹suis
562 2173 634 2240 illuc
655 2175 833 2242 adveniens.
855 2177 1007 2243 civitatem
1023 2183 1057 2240 et
1070 2177 1169 2240 menia
1182 2175 1302 2243 struxit
1324 2173 1399 2236 Post
1415 2192 1506 2256 quem

289 2297 417 2360 veniens
438 2307 526 2359 rome
548 2295 607 2360 iilia
629 2269 733 2378 hence
753 2315 820 2360 eum
850 2295 1040 2362 multitudine
1070 2298 1258 2386 troianorum
1288 2295 1444 2358 civitatem
1476 2297 1505 2357 in

270 2397 399 2482 palatio
422 2401 507 2498 urbis
531 2403 724 2492 construxit
753 2396 927 2466 Aventinus
949 2419 1071 2486 quoque
1102 2399 1206 2466 silvius
1236 2417 1294 2462 rex
1326 2397 1505 2463 albanorum
1582 2413 1583 2416 ’

203 2502 246 2568 20
289 2505 320 2566 in
355 2499 495 2568 aventino
537 2511 639 2566 monte
673 2503 813 2586 palatium
848 2515 878 2570 et
908 2505 1094 2571 mausoleum
1126 2503 1183 2568 sihi
1221 2505 1365 2585 extruxit.
1415 2507 1504 2568 Anno

291 2616 392 2672 cutem
416 2606 522 2670 0000.
543 2607 636 2672 XXX.
659 2609 708 2676 lll
732 2609 947 2679 destructionis
970 2613 1088 2680 troiano
1111 2609 1195 2674 urbis
1219 2608 1342 2691 expleto
1365 2609 1505 2674 romulus
1582 2633 1583 2656 2

290 2714 395 2804 priami
418 2713 606 2776 troianorurn
628 2715 713 2798 regis
736 2717 884 2799 sanguine
906 2723 1003 2782 natus.
1038 2715 1119 2780 XXll
1133 2732 1214 2780 anno
1231 2715 1319 2777 etatis
1342 2733 1410 2780 sue.
1441 2714 1505 2777 XV.
1582 2731 1583 2736 ¹

290 2815 355 2882 Kal.
377 2819 599 2883 maiasomnes
622 2817 759 2882 civitates
781 2821 839 2882 iam
863 2820 957 2885 dictas
981 2837 1067 2884 muro
1090 2821 1193 2897 cinxit,
1224 2828 1255 2883 et
1286 2837 1326 2883 ex
1356 2837 1416 2882 suo
1445 2837 1503 2882 no·

290 2941 370 3003 mine
392 2939 516 3004 Romam
539 2921 669 3003 uocauit.
702 2937 740 3003 Et
761 2938 792 3003 in
816 2961 852 3005 ea
876 2945 1073 3008 etrurienses.
1097 2941 1284 3007 sabinenses.
1321 2919 1504 3004 bibones—es

112 3115 113 3118 .
202 3063 245 3126 ‘25
292 3047 630 3128 TusculanPolitenesT
647 3047 802 3131 l'eleness
817 3063 930 3130 ficanes
952 3047 1328 3130 lanicutemcmerine‘s
1351 3062 1506 3144 Capenati.

290 3165 396 3238 falisci.
426 3167 526 3232 lucani
547 3167 629 3250 puali.
652 3167 691 3232 Et
713 3187 823 3234 omnes.
841 3168 908 3233 fere
931 3170 1049 3233 nobiles
1073 3163 1114 3230 de
1134 3174 1201 3231 toto
1232 3167 1308 3232 orbe
1329 3185 1401 3229 cum
1424 3185 1504 3229 uxo-

288 3273 373 3341 ribus
396 3281 428 3336 et
450 3272 518 3336 liliis
540 3273 702 3338 habitaturi
725 3275 920 3338 conueniunt.

359 3423 391 3493 1.Ι
432 3427 531 3491 hahet
561 3435 661 3492 autem
686 3437 787 3536 turres
818 3427 898 3518 000.
927 3427 1015 3492 LXll
1062 3428 1191 3496 Castella
1228 3413 1355 3494 XLVlll.
1402 3430 1503 3492 Arcus

290 3584 469 3666 principales
492 3583 554 3648 1111.
577 3585 805 3668 propugnacula
827 3583 875 3650 vt
890 3585 1032 3650 110000.
1053 3587 1159 3653 Portas
1174 3585 1307 3650 XXXVI.
1330 3583 1504 3666 posterulas

205 3687 249 3752 30
291 3687 327 3754 V.
349 3689 383 3758 lu
403 3691 533 3754 circuitu
553 3689 680 3754 miliaria
698 3688 799 3754 X-Lll

236 3837 238 3846 ’
358 3824 411 3894 2
425 3825 826 3912 Prrncrpelesportc
849 3835 919 3892 sunt
940 3829 1009 3894 rste
1043 3829 1133 3893 Porta
1156 3847 1270 3914 capena
1283 3823 1505 3911 queappella

288 3957 337 4014 tur
360 3947 405 4062 s'ci
427 3947 516 4068 pauli.
550 3949 634 4012 iaxta
656 3944 850 4032 sepulchrum
873 3949 968 4016 Remi
1005 3957 1093 4032 porte
1127 3953 1214 4034 appia
1237 3949 1323 4014 extra
1347 3970 1438 4034 quarn
1469 3951 1504 4012 ds

826 4143 880 4154 ..υ-

274 4249 297 4300 2.
325 4245 445 4298 Nimroth
462 4245 491 4297 X
513 4245 659 4298 Nembroth
690 4247 790 4300 Catali.
814 4255 889 4299 recte.
1012 4250 1038 4300 5.
1065 4263 1099 4300 ex
1118 4247 1147 4300 0.
1168 4276 1198 4284 -
1218 4251 1354 4298 saturnum
1373 4249 1453 4297 ettam
1469 4245 1502 4300 Χ.

271 4337 296 4390 7,.
310 4335 423 4389 humen
438 4340 546 4398 utroque
571 4336 629 4384 loeo
647 4332 679 4386 0.
794 4339 819 4388 9.
847 4337 891 4386 Sic
905 4335 939 4400 X,
956 4333 1068 4390 hemileu
1088 4335 1136 4387 Gr.
1158 4361 1194 4387 -ι
1228 4333 1329 4386 011.
1349 4333 1502 4399 posthaec.

271 4423 313 4473 12.
331 4421 446 4475 tiberim.
551 4423 592 4472 14.
608 4420 779 4474 athabeos.
885 4425 929 4476 ib.
946 4424 966 4474 i.
980 4438 1003 4473 e.
1021 4420 1153 4474 similiter.
1213 4467 1214 4474 ,
1260 4422 1300 4472 10.
1319 4417 1389 4487 eiua]
1408 4435 1457 4473 ortt.

271 4509 313 4560 17.
331 4507 441 4562 mocula.
460 4510 615 4575 Postquam.
694 4508 736 4564 18.
753 4507 873 4565 Romam
888 4531 926 4549 ν·-
941 4509 1027 4562 Ense.
1123 4509 1167 4560 22.
1186 4506 1266 4573 primi
1284 4508 1316 4560 P.
1389 4507 1434 4562 111.
1451 4514 1502 4560 ter-

200 4593 297 4663 rerum]
328 4598 390 4647 cdd.
1370 4615 1372 4625 ·
