3160 5176
494 325 613 394 (irapbla
629 333 726 382 aumas
741 324 942 382 urbla'Roma.
1186 371 1193 394 Ι
1300 327 1363 392 llll

152 501 281 568 boribus
303 510 335 566 ct
357 501 505 586 delpbim's
528 473 665 566 erats'ea
688 501 840 568 deauratis
863 519 958 586 aquas
980 502 1185 568 lundernibua.
1207 503 1241 566 ln
1258 503 1363 567 medio

154 608 268 675 cantari
289 615 343 672 est
360 609 452 689 pinea
472 625 544 670 orca
567 625 627 688 quo
648 605 706 670 luit
728 609 954 690 coopertorium
970 625 1037 672 curn
1060 608 1115 671 nm
1131 625 1171 670 nc
1194 616 1264 672 oras
1287 605 1363 693 (stc)

153 719 184 774 et
216 710 370 776 deauratis
404 730 497 794 super
533 717 662 774 statuam
695 709 822 793 cybeles
854 710 968 776 matris·¹
992 710 1119 774 deorum
1152 713 1185 774 in
1216 711 1363 776 foramine

151 815 316 898 pantheom
338 815 372 880 ln
394 835 454 898 qua
475 816 566 898 pinea
580 815 780 882 subterranea
803 815 900 880 fistula
912 815 1169 882 subministrabat
1190 835 1298 899 aquam
1324 836 1363 880 cx

84 921 106 984 5
150 921 250 989 loma
265 920 419 1016 sablatiua.
443 919 509 994 Qua
524 927 589 987 toto
606 928 744 1003 tompore
761 919 851 1002 plana
869 920 1018 1004 prebebat
1035 938 1130 1002 aquas
1144 938 1204 1003 per
1216 918 1363 986 foramina

149 1046 261 1090 nucum
285 1025 423 1094 omnibus
436 1025 652 1110 indigentibus
673 1044 709 1088 ea
732 1033 764 1091 et
785 1045 841 1108 per
873 1027 1102 1098 subterraneam
1133 1023 1264 1092 bstnlam
1285 1041 1363 1107 que-

152 1131 221 1194 dam
244 1149 314 1216 pars
337 1130 450 1199 fluebat
465 1129 506 1216 ad
518 1129 659 1202 balncum
673 1131 863 1214 imperatoris
879 1131 961 1196 iuxta
982 1129 1169 1205 mausoleum
1184 1130 1309 1199 cesaris.

223 1269 272 1332 ld.
316 1269 348 1331 ln
372 1267 546 1332 naumachia
570 1277 618 1332 est
640 1268 833 1351 sepulchrum
855 1268 974 1332 Romuli
998 1253 1094 1350 quod'
1111 1277 1238 1333 uocatur
1260 1269 1362 1331 metal.

151 1393 213 1458 quo
236 1373 292 1443 luit
321 1375 397 1439 miro
420 1373 518 1456 lapide
551 1373 684 1456 tabulata
717 1391 757 1438 ex
790 1373 899 1456 quibus
932 1371 1043 1450 iactum
1077 1381 1126 1443 est
1157 1373 1362 1458 pauimentum

62 1495 105 1558 10
148 1494 284 1577 paradisi
305 1503 337 1557 et
359 1495 506 1578 graduum
530 1481 557 1560 si
578 1497 664 1578 petri.
688 1495 792 1560 babuit
814 1495 894 1564 circa
912 1513 946 1560 se
968 1495 1097 1577 plateam
1113 1493 1287 1559 tiburtinum
1298 1493 1363 1558 ΧΧ,

151 1600 262 1681 pedum
285 1618 352 1665 cum
374 1599 479 1666 cloaca
502 1609 533 1666 et
554 1599 650 1666 llarali
673 1619 738 1668 sun.
752 1600 858 1662 ·.Girca
882 1619 916 1664 sc
939 1600 1044 1664 babuit
1065 1599 1216 1664 tarabiuta
1239 1599 1363 1662 neronis
1419 1676 1424 1686 ι

152 1711 234 1768 tante
257 1703 419 1769 altitudinis
443 1691 585 1786 quantum
608 1712 835 1770 monumentum
858 1704 971 1767 adriani
994 1705 1070 1768 ntiro
1100 1702 1200 1785 lapide
1222 1702 1362 1768 tabulata.

150 1809 198 1874 Ex
220 1809 329 1890 quibus
353 1827 429 1890 opus
451 1808 598 1891 graduum
623 1817 653 1872 et
674 1809 805 1892 paradisi
826 1817 983 1892 peractum
1007 1807 1072 1884 luit,
1104 1807 1187 1890 quod
1210 1807 1362 1872 edificium

153 1913 317 1996 rotundum
347 1911 403 1975 fuit
433 1911 552 1976 duobus
583 1913 741 1996 gironibus
771 1914 849 1978 sicut
877 1921 910 1978 ot
941 1921 1178 1998 monumentum.
1225 1911 1363 1988 Quorum

62 2011 108 2082 15·
152 2017 229 2082 labia
253 2026 339 2081 erant
362 2026 508 2098 cooperta
530 2016 640 2081 tabulis
662 2016 787 2099 lapideis
811 2025 842 2080 et
860 2017 1037 2108 ¹stillicidiis.
1082 2015 1173 2080 Juxta
1203 2015 1285 2100 quod
1308 2017 1365 2084 fuit

152 2123 315 2205 crucifixus
338 2123 444 2186 beatus
467 2129 571 2204 petrus
594 2121 760 2206 apostolus.
795 2121 849 2185 Est
871 2123 913 2183 ibi
945 2129 976 2185 et
998 2121 1144 2184 memoria
1167 2121 1365 2186 adrianilm-

151 2225 302 2308 potatoris
335 2227 411 2290 mire
442 2227 654 2310 magnitudinis
683 2234 714 2290 ct
743 2223 953 2308 pulcritudinis
984 2215 1365 2307 templumcon'structum

152 2331 235 2415 quod
258 2339 353 2394 totum
376 2331 523 2416 lapidibus
551 2337 729 2413 coopertum
768 2337 800 2394 et
837 2326 966 2395 diversis
998 2329 1133 2395 historiis
1167 2339 1364 2412 perornatum

155 2443 213 2501 est.
257 2435 290 2499 ln
314 2437 442 2499 circuitu
464 2453 540 2498 vero
564 2434 706 2499 cancellis
729 2435 812 2500 ereis
836 2443 883 2500 est
906 2436 1140 2518 circumseptum
1171 2453 1238 2500 cum
1269 2453 1366 2518 pauo-

61 2543 105 2608 20
134 2541 244 2607 nibus
267 2542 374 2606 aureis
393 2548 423 2604 et
445 2547 544 2607 tauro.
588 2539 636 2604 Ex
659 2540 768 2622 quibus
791 2538 878 2603 luere
910 2539 970 2604 duo
994 2539 1044 2622 qui
1073 2548 1143 2622 sunt
1169 2540 1200 2603 in
1231 2533 1366 2608 contario
1420 2595 1424 2604 ,

152 2699 292 2784 paradisi.
336 2698 370 2764 ln
392 2652 443 2762 llll
465 2706 567 2784 partes
601 2697 705 2782 templi
728 2697 817 2764 luere
849 2653 900 2764 llll
931 2699 1003 2780 equi
1036 2698 1102 2765 orei
1144 2697 1289 2780 deaurati.
1333 2699 1367 2762 ln

151 2821 335 2886 unaquaque
369 2801 469 2885 tronto
500 2810 588 2886 porta
611 2822 695 2868 eree.
750 2802 784 2868 ln
811 2802 913 2869 medio
935 2801 1223 2886 giroscpulcbrum
1244 2803 1368 2888 Adriani

150 2908 415 2992 porphyreticum,
450 2903 534 2990 quod
564 2925 643 2970 nunc
673 2915 721 2971 est
750 2908 895 2975 lateranis
925 2908 1040 2990 inquo
1071 2907 1209 2992 sepultus
1246 2916 1293 2989 est
1314 2906 1366 2971 ln-

150 3012 311 3075 nocentius
334 3029 383 3093 pp.
406 3001 450 3092 ll'.
474 3009 565 3074 Cuius
587 2993 817 3099 coopertorium
835 3013 865 3076 in
888 3012 1029 3096 paradiso
1053 3012 1134 3080 beati
1167 3012 1247 3096 petri
1269 3031 1363 3095 super

63 3119 101 3182 25
153 3115 325 3198 sepulcrum
348 3113 486 3197 prelacti.
529 3114 660 3180 Interius
684 3124 785 3180 autem
807 3123 896 3200 porto
919 3135 993 3179 erec
1016 3117 1095 3182 sicut
1127 3134 1206 3182 nunc
1222 3122 1364 3210 apparat.

151 3239 187 3304 ln
209 3244 403 3302 monumento
427 3255 502 3302 vero
525 3223 711 3318 porfiretico
728 3223 780 3302 bte
813 3237 925 3322 beleus
947 3237 1084 3329 sepultus
1116 3245 1167 3326 'est
1196 3238 1365 3304 anastasius

152 3343 207 3410 llll
228 3363 282 3436 pp.)
296 3326 359 3405 'bec
381 3325 576 3407 monumenta
606 3362 665 3424 que
700 3341 831 3408 diximus
860 3343 958 3432 omnia
990 3362 1047 3426 pro
1078 3325 1197 3428 templis
1227 3341 1366 3427 dedicata

154 3456 252 3512 erant.
290 3447 338 3511 Ad
362 3466 421 3532 que
445 3445 639 3527 confluebant
660 3465 787 3514 romana
810 3449 945 3532 virgines
968 3467 1036 3512 cum
1059 3449 1139 3517 votis
1161 3449 1240 3517 sicul
1261 3446 1368 3512 scribit

157 3553 278 3619 ovidius
300 3553 330 3646 in
353 3550 439 3615 libris
462 3550 642 3616 faustorum.

68 3695 110 3760 30
230 3690 280 3758 tt.
322 3664 511 3773 Adportam
533 3690 799 3758 flamineamilecit
821 3689 1005 3767 Octavianus
1026 3691 1191 3772 imperator
1218 3689 1369 3772 mroddatu

156 3811 304 3895 templum
324 3811 405 3894 quod
429 3799 519 3876 vetau
541 3811 759 3890 Augustorum,
775 3812 833 3874 wubi
856 3812 1059 3894 sepelirentur
1080 3811 1216 3876 Romani
1237 3813 1369 3896 impera-

156 3927 244 3984 tores
272 3916 353 3999 quod
376 3915 557 3980 tabularium
580 3915 636 3980 luit
658 3915 790 3982 diversis
819 3916 975 3999 lapidibus.
1019 3915 1101 3982 Intus
1131 3919 1161 3979 in
1193 3919 1292 4001 girum
1323 3926 1371 3983 est

159 4041 327 4090 concavum
347 4041 405 4106 per
429 4021 562 4088 occultas
586 4022 660 4088 uias.
704 4019 738 4084 ln
760 4021 906 4086 inforiore
940 4019 1008 4104 giro
1031 4029 1101 4088 suut
1132 4021 1288 4104 sepulture
1310 4022 1371 4086 lm-

160 4134 345 4211 peratorum.
381 4125 414 4188 In
436 4143 616 4210 unaquaque
637 4124 801 4234 ,sepultura
830 4132 900 4190 sunt
932 4124 1034 4192 littero
1070 4126 1112 4190 ita
1144 4123 1283 4195 dicentes
1312 4126 1371 4190 hec

142 4378 170 4426 1.
190 4369 350 4423 dalboia-
367 4383 472 4436 aquam.
560 4371 584 4420 t.
601 4367 658 4420 Sea.
677 4369 832 4422 sabbatina.
919 4369 945 4420 6.
962 4365 1007 4437 aa]
1026 4381 1078 4421 ona.
1179 4368 1205 4419 8.
1223 4369 1276 4419 sn.
1295 4373 1371 4422 meaa

141 4463 185 4509 11.
209 4458 266 4510 Str.
283 4455 376 4509 flor-all.
482 4455 525 4510 lb.
542 4453 647 4523 lapidea
662 4471 720 4522 pro.
778 4459 845 4510 ἠ
868 4469 983 4523 unaque.
1088 4455 1132 4507 23.
1157 4453 1373 4530 ponpblrstlonm·

70 4573 103 4588 -
121 4547 259 4598 lateranus
276 4541 310 4594 Ρ.
414 4545 456 4592 ab
482 4542 540 4595 Ser.
555 4541 693 4608 praelecti.
796 4545 841 4599 aaa
859 4543 1010 4598 summm
1088 4543 1133 4596 at.
1151 4542 1207 4596 San
1224 4541 1336 4594 vocant
1351 4539 1363 4562 ¹*

143 4635 189 4686 85.
216 4632 273 4684 Sara
290 4628 453 4682 “balma
487 4641 490 4650 ’
538 4629 583 4682 83.
606 4628 736 4684 mannan.»
771 4634 778 4660 ²
