3160 5176
180 339 243 408 iffi
577 341 714 394 Mirabilia
731 342 851 396 breviata
870 347 897 394 et
913 342 1084 410 interpolati.

264 516 392 586 Ubiost
413 508 557 585 ecclesia,
573 517 670 583 sancti
691 516 808 584 Nicolai
837 517 868 582 in
899 537 1024 584 carcere
1043 519 1186 597 duliiani,
1222 520 1336 586 'Cicero
1360 523 1471 588 bulbus

179 639 333 688 carcerom
356 621 429 686 iecit
452 622 680 704 dampnatorum
704 622 742 688 do
764 621 947 705 quonullus
968 631 1128 706 postquam
1150 626 1368 708 projiciebatur
1389 630 1473 691 orire

179 735 307 808 poterat,
337 726 393 792 sed
416 727 569 808 pendebat
590 727 620 790 in
643 727 758 791 catenis
788 727 827 790 de
857 744 954 808 cupro
978 727 1083 791 'donoc
1112 729 1315 808 moriebatur,
1349 733 1420 813 quia
1442 734 1472 794 in

179 833 254 904 urbe
277 831 375 898 udins
404 832 647 915 suspendebatur
668 851 769 914 nequo
791 832 1029 898 interficiebatur
1050 852 1152 915 neque
1174 833 1261 898 alite'r
1284 835 1473 902 mutilabatur

178 939 235 1000 nisi
257 938 318 1001 sic.¹
344 935 443 1001 nullus
467 938 555 1001 etiam
575 935 718 1004 nudabat.
731 939 762 1000 in
786 937 863 1002 urba
886 933 1064 1024 ramenta*)
1085 937 1138 1000 vei
1152 937 1263 1021 aliqrrid
1284 939 1474 1003 immundicie

181 1049 268 1120 extra
291 1041 518 1108 domurn-suant
541 1042 571 1106 in
602 1041 708 1122 plateis
734 1039 926 1126 ponere-“l
955 1031 1011 1107 s‘ad
1033 1043 1063 1106 in
1085 1041 1165 1106 locis
1192 1044 1311 1110 statutis
1340 1044 1379 1118 ad
1408 1044 1474 1122 hoc,

178 1166 236 1220 pec
265 1153 344 1210 teste
374 1145 500 1219 ollarum
521 1147 553 1211 in
582 1145 689 1228 plateis
711 1147 957 1228 projiciebantur.
995 1146 1103 1210 sedin
1135 1155 1220 1212 certo
1242 1148 1312 1214 loco
1343 1137 1475 1234 otim)

180 1267 266 1317 mons
289 1249 386 1318 iactus
409 1259 457 1316 est
479 1250 517 1317 de
540 1252 625 1316 tastis
648 1250 775 1314 ollarum
798 1257 829 1316 et
864 1249 936 1314 ideo
965 1250 1055 1317 bodie
1078 1251 1186 1319 dicitur
1208 1271 1295 1320 mons
1317 1255 1471 1321 terradas.

217 1419 229 1436 ’-
266 1389 361 1452 Tanta
384 1391 456 1454 ‘orat
479 1381 546 1474 pnx'
560 1399 592 1454 et
621 1391 734 1454 institia
763 1355 903 1466 inorbo,
938 1389 1019 1472 quod
1043 1398 1124 1454 totus
1146 1391 1275 1457 mundus
1296 1392 1390 1460 iuxta'
1404 1413 1476 1456 con-

180 1494 371 1558 suetudinem
388 1497 465 1577 -ejns
494 1495 618 1558 vivebat
651 1503 684 1558 et
711 1493 877 1560 secundum
906 1493 994 1580 leges
1023 1495 1127 1576 ipsius.
1165 1495 1263 1559 nuilus
1295 1514 1394 1578 equus
1425 1487 1501 1558 vel'
1567 1575 1568 1586 ἶ

181 1600 282 1663 asinus
305 1598 402 1662 donec
433 1599 600 1662 ducebatur
628 1618 684 1682 per
719 1599 825 1662 urbem
860 1599 925 1669 sine
956 1599 1078 1662 sacculo
1111 1601 1182 1678 ibat,
1218 1602 1248 1663 in
1271 1618 1330 1682 quo
1355 1600 1477 1664 caderet
1563 1591 1568 1677 ς’

181 1713 300 1770 alueus
323 1705 392 1767 etna
411 1711 443 1767 et
464 1717 525 1768 non
548 1705 577 1768 ir
602 1703 717 1784 plataia
762 1703 821 1767 Sed
844 1703 871 1766 si
893 1703 1001 1785 aliquis
1023 1703 1134 1768 botibe
1156 1706 1308 1786 equitaret
1331 1723 1389 1787 per
1412 1724 1474 1767 eam
1564 1761 1567 1783 ,

181 1803 361 1874 vet'mttttea
383 1806 421 1872 ad
444 1808 613 1872 exercitum
636 1821 692 1874 cau
714 1815 840 1890 propter
862 1806 967 1870 luduin
990 1815 1042 1871 ant
1064 1807 1123 1872 alio
1146 1809 1236 1872 modo
1253 1809 1428 1890 equitarent
1449 1811 1475 1871 in
1564 1820 1567 1831 ·

181 1911 268 1988 urbe,
291 1912 435 1976 continuo
458 1913 573 1976 uicinia
589 1912 639 1976 ubi
662 1920 799 1976 stercora
822 1910 971 1974 cadebant
993 1926 1141 1994 equorum
1154 1911 1258 1996 colligi
1274 1911 1429 1976 iaciebant
1450 1921 1476 1975 et
1565 1893 1567 1953 3

181 2016 294 2098 projici.
311 2033 367 2098 per
387 2034 497 2083 seruos
513 2035 595 2080 auce:
608 2017 638 2078 in
661 2017 736 2082 tocie
759 2016 795 2080 nd
811 2016 870 2079 boc
892 2016 1019 2082 sununs.
1041 2024 1122 2080 tanta
1145 2016 1252 2101 gloria,
1275 2023 1357 2079 tanta
1379 2016 1476 2080 leticia
1565 2074 1566 2097 p

182 2117 230 2180 die
258 2120 412 2200 noctuque
440 2121 560 2185 fiebant
576 2121 607 2191 iu
634 2137 733 2197 roma,
769 2119 851 2202 qnod
872 2121 960 2202 quari
983 2118 1083 2184 nullus
1105 2137 1221 2204 pauper
1251 2119 1422 2184 habebatur
1450 2121 1476 2182 in
1566 2184 1567 2212 ¹

179 2225 254 2308 ipsa
278 2223 335 2289 sad
356 2223 396 2290 de
418 2225 498 2302 oanni
521 2231 608 2306 parte
624 2223 727 2288 mundi
748 2243 804 2306 per
826 2242 910 2288 mare
933 2225 1012 2290 sicu
1033 2243 1089 2308 per
1112 2232 1223 2290 terram
1239 2241 1345 2295 amnas
1369 2223 1474 2288 divicie
1565 2263 1566 2296 a

116 2371 118 2374 .
181 2327 380 2410 portabantur
410 2328 448 2394 ad
470 2329 587 2398 urbem.
1464 2349 1466 2356 ¹

185 2525 391 2532 ..-.-....——-

214 2701 217 2710 ,
268 2645 296 2714 *)
314 2645 371 2708 aad
387 2649 516 2700 tumenta.

192 2794 195 2806 .
259 2747 302 2818 “l
318 2768 371 2804 nnn¹
387 2753 445 2805 cod.

249 2851 380 2925 wlnod.
399 2856 487 2910 αἰψ’
566 2872 569 2881 ·
