3160 5176
434 345 475 398 Da
491 343 656 398 mirabilibus
674 342 788 396 civitatis
806 325 914 396 Romae.
1260 343 1323 406 129

289 519 304 546 ·
332 515 364 584 8.
397 517 445 585 Dc
468 517 605 582 arcubus
629 514 869 599 triumphalibus
891 519 1020 584 norme.

116 693 118 702 ,
181 617 284 684 Arcus
315 621 511 706 triumphales
541 629 611 686 sunt
640 623 709 700 isti,
753 623 807 704 qui
841 621 953 686 fiebant
986 620 1074 688 alicui
1102 621 1275 702 imperatori
1306 641 1324 684 a

113 726 283 810 triumpho,
317 727 374 790 sub
411 728 520 809 quibus
555 747 622 792 cum
655 728 776 800 honore
804 727 972 792 ducebatur
1002 746 1018 789 a
1053 713 1254 803 senatoribus,
1293 734 1324 790 et
1365 771 1366 775 =

112 831 241 892 victoria
264 831 329 894 eius
353 830 388 896 ad
413 833 588 899 memoriam
621 833 651 894 in
674 839 832 915 posterum
865 831 1072 913 sculpehutur.
1108 831 1216 894 ¹Arcus
1239 829 1324 892 aurei

57 933 74 994 5
112 933 282 998 Alexandri
304 934 341 1014 ad
374 943 511 1000 sanctum
535 936 677 1014 Celsum
705 955 795 1000 arcus
818 935 994 1001 Theodosii,
1012 942 1043 997 et
1061 934 1265 998 ‚Valentiniani
1295 941 1326 995 et

104 1035 249 1103 'Gratiani
272 1039 464 1120 imperatoris
487 1040 524 1104 ad
557 1047 694 1107 sanctum
717 1040 825 1104 Ursum
833 1060 843 1115 3
886 1038 960 1104 ioris
990 1047 1108 1120 portam
1131 1029 1257 1120 Appiam
1288 1036 1325 1100 ad

113 1143 260 1225 templum
282 1143 386 1208 Martis
409 1163 498 1208 arcus
521 1144 722 1226 triumphalis;
746 1146 776 1206 in
800 1144 882 1206 circo
905 1161 993 1206 arcus
1008 1143 1066 1206 'liti
1088 1142 1324 1224 ellaspasiani3

113 1265 205 1310 arcus
229 1245 415 1310 Constantini
445 1249 529 1312 iuxta
545 1281 547 1288 ι
562 1248 812 1332 amphitheatrum
820 1269 829 1325 ;
863 1266 952 1312 arcus
985 1255 1101 1328 septem
1131 1246 1324 1334 lucernarum

116 1349 176 1420 Titi
200 1359 230 1416 et
253 1350 441 1434 Vespasiani,
466 1353 518 1416 ubi
540 1361 587 1426 est
609 1353 823 1419 candelabrum
853 1353 952 1434 Moysi
983 1371 1051 1416 cum
1081 1350 1183 1426 archa,
1209 1348 1325 1413 habens

42 1453 75 1516 to
106 1455 168 1518 .Vll
200 1456 342 1538 brachia,
376 1457 406 1518 in
440 1457 519 1540 pede
551 1459 641 1522 turris
672 1457 873 1535 cartulariae3
908 1477 997 1522 arcus
1030 1456 1097 1520 lolii
1125 1455 1263 1520 Caesaris
1294 1463 1325 1517 et

113 1567 290 1624 senatorum
312 1568 382 1626 ante
405 1569 537 1624 sanctam
559 1561 726 1634 Martinam,
749 1562 801 1626 ubi
824 1561 914 1626 modo
937 1569 1006 1628 sunt
1030 1571 1131 1626 turres
1154 1559 1325 1635 dnBracis3

115 1683 207 1728 arcus
231 1649 417 1746 triumphalis
434 1663 590 1732 Octauiani
613 1665 650 1728 ad
673 1675 810 1731 sanctum
825 1665 1018 1730 Laurentium
1041 1665 1213 1740 iuLuciua3
1237 1681 1326 1729 arcus

114 1767 262 1850 Antonini
283 1788 381 1852 prope
404 1769 594 1854 columpnam
618 1772 694 1848 eius,
717 1770 769 1832 ubi
792 1769 882 1852 modo
906 1777 953 1832 est
983 1770 1075 1834 turris
1104 1767 1325 1844 de·Tosactis;

114 1891 205 1936 arcus
228 1873 265 1936 ad
289 1881 426 1938 sanctum
447 1873 598 1952 Marcum,
634 1874 684 1956 qui
708 1881 836 1938 vocatur
858 1891 964 1938 manus
987 1891 1115 1952 carnea;
1138 1873 1169 1936 in
1182 1871 1327 1954 Capitolio

40 1974 73 2036 15
117 1985 165 2040 est
189 1996 278 2041 arcus
301 1979 387 2060 panis
410 1979 506 2064 aurei.
546 2035 547 2040 ,
652 2055 661 2072 -‚
799 2046 803 2053 ,
1282 2046 1286 2058 y
1330 1977 1343 1983 ”

186 2082 262 2152 Sunt
283 2089 444 2164 praetcrea
467 2079 516 2144 alii
539 2099 627 2162 arcus
652 2082 703 2164 qui
726 2101 787 2146 non
811 2089 881 2146 sunt
904 2071 1098 2164 triumphales
1130 2081 1185 2146 sed
1207 2098 1325 2144 merno-

114 2187 219 2268 riales,
241 2173 344 2250 u't'est
367 2204 455 2250 arcus
470 2177 594 2249 Pietatis
610 2193 681 2250 anto
695 2193 829 2250 sanctam
844 2185 967 2258 Mariam
990 2185 1160 2264 rotundam,
1182 2185 1235 2250 ubi
1259 2205 1327 2250 cum

115 2299 201 2354 esset
217 2291 381 2372 imperator
397 2299 520 2374 paratus
534 2291 564 2354 in
580 2289 726 2372 curruflad
742 2289 873 2352 eundum
898 2296 983 2353 extra
1000 2297 1199 2376 pugnaturus,
1230 2311 1327 2374 quae-

116 2380 186 2458 da‘m
210 2395 393 2478 paupercula
416 2395 506 2482 uidua
529 2393 657 2478 procidit
679 2401 749 2458 ante
772 2393 867 2476 pedes
890 2393 1113 2476 eiua-plorans
1130 2402 1161 2458 et
1176 2380 1327 2470 clamans:

37 2496 75 2559 20
118 2499 259 2575 domine,
283 2507 442 2582 antequam
465 2499 558 2562 vadas
581 2499 652 2560 mihi
677 2497 768 2562 lacius
787 2498 945 2562 rationem.
980 2499 1027 2561 cui
1051 2519 1119 2562 cum
1140 2501 1330 2582 promisisset

118 2605 148 2664 in
172 2601 274 2666 reditu
296 2601 400 2668 facere
423 2603 630 2686 plenissimum
653 2604 709 2680 ius,
733 2601 809 2666 dixit
831 2601 898 2666 illa:
924 2602 1049 2668 forsitan
1073 2605 1215 2690 morieris¹
1234 2605 1328 2687 prius.

116 2707 284 2788 imperator
313 2705 372 2770 hoc
395 2699 592 2772 considerans
621 2707 767 2792 praesiliit
796 2707 835 2770 de
865 2697 956 2772 'curru
988 2709 1091 2792 ibique
1121 2711 1222 2792 posuit
1254 2728 1329 2774 con-

119 2813 284 2878 sistorium.
328 2811 437 2876 mulier
458 2813 571 2896 inquit:
608 2811 757 2876 habebam
786 2813 908 2890 unicum
932 2797 1047 2890 hliuma
1075 2813 1126 2894 qui
1149 2812 1331 2878 interfectus

120 2925 169 2979 cst
189 2896 208 2979 'a
233 2916 363 2998 quodam
385 2914 509 2979 iuvene.
531 2916 567 2980 ad
590 2913 667 2980 hunc
690 2935 798 2980 vocem
822 2917 1018 2988 sententiavit
1047 2917 1232 3003 imperatorzl
1264 2937 1331 2982 mo-

39 3017 74 3080 25
119 3021 233 3098 riatur,
256 3021 363 3102 inquit,
386 3021 537 3084 homicida
562 3029 593 3086 et
615 3021 780 3106 non'vivat.
803 3021 1052 3106 morieturergo
1075 3021 1154 3086 iilius
1176 3031 1257 3100 tuus,
1280 3025 1332 3106 qui

120 3123 232 3188 ludens
266 3144 333 3188 curn
364 3123 425 3190 filio
457 3124 568 3190 occidit
597 3125 705 3208 ipsum.
743 3126 794 3208 qui
831 3144 899 3188 curn
930 3124 1095 3198 duceretur
1124 3125 1162 3190 ad
1193 3134 1331 3204 mortem,
1376 3175 1379 3182 .

122 3228 231 3292 mulier
254 3229 403 3314 ingemuit
425 3248 503 3292 voco
525 3248 651 3314 magna:
674 3229 819 3318 reddatur
843 3229 914 3292 mihi
937 3230 995 3292 iste
1017 3230 1182 3294 moriturus
1210 3231 1240 3294 in
1262 3230 1331 3294 loco

121 3321 272 3410 fitti‘mei,
304 3341 335 3396 ct
365 3335 408 3398 sic
438 3335 497 3397 erit
527 3335 598 3396 mihi
626 3335 887 3416 recompensatio,
928 3331 1060 3416 alioquin
1092 3354 1253 3426 numquam
1283 3355 1331 3399 me

123 3437 220 3502 fatear
241 3437 363 3522 plenum
386 3441 433 3504 ius
456 3441 621 3522 accepisse.
646 3439 727 3524 quod
750 3447 781 3503 ct
805 3437 918 3502 iactum
948 3423 1005 3516 est,
1037 3447 1067 3502 et
1090 3439 1181 3504 ditata
1209 3441 1331 3503 nimium

38 3540 77 3602 30
123 3541 161 3604 ab
182 3543 366 3625 imperatore
389 3545 530 3609 recessit.
1024 3527 1027 3532 ⁵

400 3683 433 3753 9.
463 3683 511 3746 Dc
535 3683 660 3748 thermis
683 3683 819 3746 ciuitatis
840 3683 969 3746 Romae.

194 3789 343 3851 Thermae
374 3787 514 3851 dicuntur
536 3787 645 3870 palatia
669 3807 779 3872 magna
801 3787 942 3850 habentia
957 3787 1108 3860 ¹munimus
1131 3787 1254 3870 cryptas
1277 3789 1333 3853 suh

127 3899 225 3970 terra,
258 3893 289 3954 in
312 3893 421 3974 quibus
444 3900 582 3974 tempore
605 3893 735 3976 hyemali
768 3893 861 3956 [lebat
882 3893 961 3976 ignis
989 3910 1045 3973 per
1078 3899 1183 3969 totum,
1215 3895 1333 3957 aestivo

112 4107 139 4153 1.
157 4103 306 4170 imperatori
324 4103 405 4154 alicui
421 4117 456 4156 m.
475 4129 508 4142 --
527 4103 648 4154 redeunti
665 4097 731 4154 a'tr.
745 4104 843 4153 Parth.
949 4108 972 4155 3.
992 4102 1156 4154 ducebantur
1176 4107 1228 4156 litt.
1247 4119 1266 4154 n
1292 4119 1335 4155 ca·

37 4196 142 4252 plurem
161 4197 182 4239 rt
194 4197 283 4258 postca
305 4189 421 4242 restituto
445 4192 471 4243 d.
498 4205 588 4262 eorum
610 4192 726 4242 victoria
750 4191 807 4242 mus
825 4193 914 4256 primo
938 4191 1030 4243 occul.
1055 4195 1180 4257 carpuneto
1207 4189 1231 4240 tl.
1388 4235 1390 4239 ,

108 4277 140 4328 4.
160 4291 251 4329 aureus
268 4279 360 4331 Parth.
466 4281 491 4330 d.
510 4277 608 4329 Ursum
625 4305 659 4316 -
676 4278 771 4329 Martis
794 4279 869 4328 mulla
885 4277 1045 4341 interponet.
1062 4291 1098 4331 ru.
1203 4283 1229 4333 θ.
1243 4267 1335 4346 ¹opiam

40 4365 63 4407 rt
80 4359 119 4408 ric
140 4362 254 4430 deinceps
272 4367 297 4416 d.
403 4369 428 4416 8.
445 4372 505 4427 port
522 4363 590 4416 circo
606 4368 702 4429 interp.
718 4381 752 4415 m.
859 4367 883 4414 9.
908 4379 971 4416 arca
988 4381 1022 4416 m.
1042 4393 1073 4402 -
1100 4363 1180 4430 piade
1197 4381 1230 4416 m.
1374 4373 1376 4376 '

113 4449 161 4498 11.
177 4449 258 4502 Eratis
275 4465 310 4503 m.
334 4451 444 4504 Brachia
464 4453 495 4502 θ.
599 4454 641 4504 13.
658 4453 775 4504 Antonii
799 4455 826 4506 d.
852 4477 887 4491 ·-
922 4453 1026 4504 'l’osetis
1059 4451 1091 4504 G.
1121 4452 1240 4504 &sectis
1266 4469 1301 4506 m.

113 4537 161 4586 18.
187 4543 259 4590 extra
276 4543 478 4604 expugnaturus
498 4555 536 4593 m.
640 4544 683 4592 ib.
701 4540 794 4592 michi
818 4541 843 4592 d.
940 4531 992 4596 aa.
1018 4539 1104 4590 fllium
1130 4555 1216 4590 meam
1242 4539 1267 4591 d.

114 4623 163 4670 29.
178 4621 257 4676 intuor
273 4643 307 4677 m.
327 4653 357 4662 —
378 4625 465 4678 ditatu
482 4629 593 4680 multum
612 4645 646 4682 m.
753 4629 793 4678 31.
812 4628 946 4678 Romanae
964 4627 1008 4678 ct·

94 4703 157 4745 cod.
170 4705 194 4746 tt.
208 4707 232 4751 li.
245 4710 329 4764 topogr.
558 4751 562 4758 ,
1121 4717 1145 4764 9
