<?xml version="1.0" encoding="UTF-8"?>
<!DOCTYPE html PUBLIC "-//W3C//DTD XHTML 1.0 Transitional//EN"
    "http://www.w3.org/TR/xhtml1/DTD/xhtml1-transitional.dtd">
<html xmlns="http://www.w3.org/1999/xhtml" xml:lang="en" lang="en">
 <head>
  <title>
</title>
<meta http-equiv="Content-Type" content="text/html;charset=utf-8" />
  <meta name='ocr-system' content='tesseract 3.04.00' />
  <meta name='ocr-capabilities' content='ocr_page ocr_carea ocr_par ocr_line ocrx_word'/>
</head>
<body>
  <div class='ocr_page' id='page_1' title='image "./codexurbisromae01urligoog_0098.png"; bbox 0 0 3208 5188; ppageno 0'>
   <div class='ocr_carea' id='block_1_1' title="bbox 689 372 945 430">
    <p class='ocr_par' dir='ltr' id='par_1_1' title="bbox 689 372 945 430">
     <span class='ocr_line' id='line_1_1' title="bbox 689 372 945 430; baseline 0.02 -5"><span class='ocrx_word' id='word_1_1' title='bbox 689 372 832 430; x_wconf 67' lang='lat' dir='ltr'><strong>ltiuoraeis</strong></span> <span class='ocrx_word' id='word_1_2' title='bbox 854 373 945 430; x_wconf 80' lang='lat' dir='ltr'><strong>Urbis·</strong></span> 
     </span>
    </p>
   </div>
   <div class='ocr_carea' id='block_1_2' title="bbox 309 547 1318 1570">
    <p class='ocr_par' dir='ltr' id='par_1_2' title="bbox 325 523 1318 736">
     <span class='ocr_line' id='line_1_2' title="bbox 325 547 1318 633; baseline 0 -18"><span class='ocrx_word' id='word_1_3' title='bbox 325 547 517 616; x_wconf 71' lang='lat' dir='ltr'><strong>doersum</strong></span> <span class='ocrx_word' id='word_1_4' title='bbox 540 553 592 614; x_wconf 75' lang='lat' dir='ltr'><strong>sut</strong></span> <span class='ocrx_word' id='word_1_5' title='bbox 613 547 680 614; x_wconf 83' lang='lat' dir='ltr'><strong>deri</strong></span> <span class='ocrx_word' id='word_1_6' title='bbox 702 555 757 630; x_wconf 81' lang='lat' dir='ltr'><strong>ptr</strong></span> <span class='ocrx_word' id='word_1_7' title='bbox 779 547 1027 614; x_wconf 70' lang='lat' dir='ltr'><strong>dentimtrdtins</strong></span> <span class='ocrx_word' id='word_1_8' title='bbox 1040 569 1148 633; x_wconf 82' lang='lat' dir='ltr'><strong>mure,</strong></span> <span class='ocrx_word' id='word_1_9' title='bbox 1315 549 1318 556; x_wconf 88' lang='lat'>&#39;</span> 
     </span>
     <span class='ocr_line' id='line_1_3' title="bbox 377 651 956 736; baseline -0.003 -16"><span class='ocrx_word' id='word_1_10' title='bbox 377 652 438 721; x_wconf 80' lang='lat' dir='ltr'><strong>sut</strong></span> <span class='ocrx_word' id='word_1_11' title='bbox 459 653 627 722; x_wconf 72' lang='lat' dir='ltr'><strong>restaurari</strong></span> <span class='ocrx_word' id='word_1_12' title='bbox 649 651 713 718; x_wconf 83' lang='lat' dir='ltr'><strong>sole</strong></span> <span class='ocrx_word' id='word_1_13' title='bbox 736 653 823 718; x_wconf 75' lang='lat' dir='ltr'><strong>ruins</strong></span> <span class='ocrx_word' id='word_1_14' title='bbox 845 660 956 736; x_wconf 79' lang='lat' dir='ltr'><strong>potest.</strong></span> 
     </span>
    </p>

    <p class='ocr_par' dir='ltr' id='par_1_3' title="bbox 311 756 1119 946">
     <span class='ocr_line' id='line_1_4' title="bbox 311 756 1119 841; baseline -0.002 -19"><span class='ocrx_word' id='word_1_15' title='bbox 311 757 380 822; x_wconf 67' lang='lat' dir='ltr'><strong>,Hie</strong></span> <span class='ocrx_word' id='word_1_16' title='bbox 401 775 546 839; x_wconf 80' lang='lat' dir='ltr'><strong>superum</strong></span> <span class='ocrx_word' id='word_1_17' title='bbox 567 756 681 822; x_wconf 81' lang='lat' dir='ltr'><strong>termus</strong></span> <span class='ocrx_word' id='word_1_18' title='bbox 703 759 806 838; x_wconf 77' lang='lat' dir='ltr'><strong>&#39;superi</strong></span> <span class='ocrx_word' id='word_1_19' title='bbox 827 759 975 824; x_wconf 80' lang='lat' dir='ltr'><strong>mirentur</strong></span> <span class='ocrx_word' id='word_1_20' title='bbox 998 767 1031 822; x_wconf 87' lang='lat' dir='ltr'><strong>et</strong></span> <span class='ocrx_word' id='word_1_21' title='bbox 1052 759 1119 841; x_wconf 87' lang='lat' dir='ltr'><strong>ipsi,</strong></span> 
     </span>
     <span class='ocr_line' id='line_1_5' title="bbox 374 861 1027 946; baseline 0 -20"><span class='ocrx_word' id='word_1_22' title='bbox 374 861 412 926; x_wconf 76' lang='lat' dir='ltr'><strong>lte</strong></span> <span class='ocrx_word' id='word_1_23' title='bbox 434 863 557 946; x_wconf 87' lang='lat' dir='ltr'><strong>eupiunt</strong></span> <span class='ocrx_word' id='word_1_24' title='bbox 579 863 657 928; x_wconf 87' lang='lat' dir='ltr'><strong>fietis</strong></span> <span class='ocrx_word' id='word_1_25' title='bbox 678 861 904 928; x_wconf 79' lang='lat' dir='ltr'><strong>uultibusesse</strong></span> <span class='ocrx_word' id='word_1_26' title='bbox 925 881 1027 945; x_wconf 77' lang='lat' dir='ltr'><strong>peres.</strong></span> 
     </span>
    </p>

    <p class='ocr_par' dir='ltr' id='par_1_4' title="bbox 327 966 1089 1156">
     <span class='ocr_line' id='line_1_6' title="bbox 327 966 1050 1048; baseline -0.006 -14"><span class='ocrx_word' id='word_1_27' title='bbox 327 966 395 1034; x_wconf 84' lang='lat' dir='ltr'><strong>Non</strong></span> <span class='ocrx_word' id='word_1_28' title='bbox 418 968 643 1048; x_wconf 70' lang='lat' dir='ltr'><strong>perureretur·</strong></span> <span class='ocrx_word' id='word_1_29' title='bbox 666 967 748 1032; x_wconf 83' lang='lat' dir='ltr'><strong>Deos</strong></span> <span class='ocrx_word' id='word_1_30' title='bbox 771 967 830 1030; x_wconf 84' lang='lat' dir='ltr'><strong>lde</strong></span> <span class='ocrx_word' id='word_1_31' title='bbox 853 983 1050 1043; x_wconf 70' lang='lat' dir='ltr'><strong>ore‘ereere,</strong></span> 
     </span>
     <span class='ocr_line' id='line_1_7' title="bbox 375 1071 1089 1156; baseline 0 -20"><span class='ocrx_word' id='word_1_32' title='bbox 375 1071 442 1146; x_wconf 76' lang='lat' dir='ltr'><strong>Qud</strong></span> <span class='ocrx_word' id='word_1_33' title='bbox 466 1072 600 1140; x_wconf 64' lang='lat' dir='ltr'><strong>mirande</strong></span> <span class='ocrx_word' id='word_1_34' title='bbox 621 1072 719 1138; x_wconf 86' lang='lat' dir='ltr'><strong>Deum</strong></span> <span class='ocrx_word' id='word_1_35' title='bbox 741 1073 829 1156; x_wconf 72' lang='lat' dir='ltr'><strong>signs</strong></span> <span class='ocrx_word' id='word_1_36' title='bbox 851 1073 967 1138; x_wconf 76' lang='lat' dir='ltr'><strong>creauit</strong></span> <span class='ocrx_word' id='word_1_37' title='bbox 988 1071 1089 1137; x_wconf 87' lang='lat' dir='ltr'><strong>hemo.</strong></span> 
     </span>
    </p>

    <p class='ocr_par' dir='ltr' id='par_1_5' title="bbox 325 1175 1154 1362">
     <span class='ocr_line' id='line_1_8' title="bbox 325 1175 1154 1259; baseline 0.001 -21"><span class='ocrx_word' id='word_1_38' title='bbox 325 1175 432 1240; x_wconf 91' lang='lat' dir='ltr'><strong>Vultus</strong></span> <span class='ocrx_word' id='word_1_39' title='bbox 456 1176 543 1240; x_wconf 79' lang='lat' dir='ltr'><strong>adest</strong></span> <span class='ocrx_word' id='word_1_40' title='bbox 565 1177 611 1240; x_wconf 88' lang='lat' dir='ltr'><strong>his</strong></span> <span class='ocrx_word' id='word_1_41' title='bbox 634 1177 804 1242; x_wconf 86' lang='lat' dir='ltr'><strong>numinibus</strong></span> <span class='ocrx_word' id='word_1_42' title='bbox 827 1179 989 1259; x_wconf 76' lang='lat' dir='ltr'><strong>potiusque</strong></span> <span class='ocrx_word' id='word_1_43' title='bbox 1012 1177 1154 1241; x_wconf 82' lang='lat' dir='ltr'><strong>coluntur</strong></span> 
     </span>
     <span class='ocr_line' id='line_1_9' title="bbox 373 1280 998 1362; baseline 0 -18"><span class='ocrx_word' id='word_1_44' title='bbox 373 1281 531 1344; x_wconf 77' lang='lat' dir='ltr'><strong>Artillcum</strong></span> <span class='ocrx_word' id='word_1_45' title='bbox 554 1280 655 1344; x_wconf 88' lang='lat' dir='ltr'><strong>studio</strong></span> <span class='ocrx_word' id='word_1_46' title='bbox 678 1299 769 1362; x_wconf 82' lang='lat' dir='ltr'><strong>quem</strong></span> <span class='ocrx_word' id='word_1_47' title='bbox 790 1281 911 1345; x_wconf 77' lang='lat' dir='ltr'><strong>Deitate</strong></span> <span class='ocrx_word' id='word_1_48' title='bbox 933 1300 998 1345; x_wconf 79' lang='lat' dir='ltr'><strong>sus.</strong></span> 
     </span>
    </p>

    <p class='ocr_par' dir='ltr' id='par_1_6' title="bbox 325 1383 1125 1460">
     <span class='ocr_line' id='line_1_10' title="bbox 325 1383 1125 1460; baseline 0.003 -14"><span class='ocrx_word' id='word_1_49' title='bbox 325 1384 404 1448; x_wconf 85' lang='lat' dir='ltr'><strong>Vrbs</strong></span> <span class='ocrx_word' id='word_1_50' title='bbox 427 1383 532 1460; x_wconf 82' lang='lat' dir='ltr'><strong>foelix,</strong></span> <span class='ocrx_word' id='word_1_51' title='bbox 555 1384 580 1448; x_wconf 89' lang='lat' dir='ltr'><strong>si</strong></span> <span class='ocrx_word' id='word_1_52' title='bbox 603 1385 653 1447; x_wconf 84' lang='lat' dir='ltr'><strong>vel</strong></span> <span class='ocrx_word' id='word_1_53' title='bbox 677 1384 806 1450; x_wconf 85' lang='lat' dir='ltr'><strong>dominis</strong></span> <span class='ocrx_word' id='word_1_54' title='bbox 828 1386 901 1450; x_wconf 80' lang='lat' dir='ltr'><strong>vrbs</strong></span> <span class='ocrx_word' id='word_1_55' title='bbox 924 1385 973 1450; x_wconf 83' lang='lat' dir='ltr'><strong>ills</strong></span> <span class='ocrx_word' id='word_1_56' title='bbox 996 1393 1125 1460; x_wconf 79' lang='lat' dir='ltr'><strong>cureret,</strong></span> 
     </span>
    </p>

    <p class='ocr_par' dir='ltr' id='par_1_7' title="bbox 309 1487 1027 1570">
     <span class='ocr_line' id='line_1_11' title="bbox 309 1487 1027 1570; baseline 0.001 -16"><span class='ocrx_word' id='word_1_57' title='bbox 309 1547 312 1554; x_wconf 91' lang='lat'>.</span> <span class='ocrx_word' id='word_1_58' title='bbox 376 1488 433 1554; x_wconf 86' lang='lat' dir='ltr'><strong>Vel</strong></span> <span class='ocrx_word' id='word_1_59' title='bbox 449 1487 585 1562; x_wconf 80' lang='lat' dir='ltr'><strong>¹dominis</strong></span> <span class='ocrx_word' id='word_1_60' title='bbox 609 1496 692 1554; x_wconf 87' lang='lat' dir='ltr'><strong>esset</strong></span> <span class='ocrx_word' id='word_1_61' title='bbox 715 1497 804 1570; x_wconf 83' lang='lat' dir='ltr'><strong>turpe</strong></span> <span class='ocrx_word' id='word_1_62' title='bbox 827 1507 936 1552; x_wconf 84' lang='lat' dir='ltr'><strong>cerere</strong></span> <span class='ocrx_word' id='word_1_63' title='bbox 957 1489 1027 1556; x_wconf 87' lang='lat' dir='ltr'><strong>fide.</strong></span> 
     </span>
    </p>
   </div>
   <div class='ocr_carea' id='block_1_3' title="bbox 166 1681 1464 2186">
    <p class='ocr_par' dir='ltr' id='par_1_8' title="bbox 166 1681 1464 2186">
     <span class='ocr_line' id='line_1_12' title="bbox 256 1681 1464 1751; baseline 0.006 -8"><span class='ocrx_word' id='word_1_64' title='bbox 256 1682 392 1746; x_wconf 84' lang='lat' dir='ltr'><strong>Puruune</strong></span> <span class='ocrx_word' id='word_1_65' title='bbox 417 1689 486 1746; x_wconf 90' lang='lat' dir='ltr'><strong>sunt</strong></span> <span class='ocrx_word' id='word_1_66' title='bbox 508 1681 585 1746; x_wconf 76' lang='lat' dir='ltr'><strong>haee</strong></span> <span class='ocrx_word' id='word_1_67' title='bbox 605 1682 643 1746; x_wconf 84' lang='lat' dir='ltr'><strong>nd</strong></span> <span class='ocrx_word' id='word_1_68' title='bbox 668 1681 936 1748; x_wconf 75' lang='lat' dir='ltr'><strong>demonstrandum</strong></span> <span class='ocrx_word' id='word_1_69' title='bbox 957 1683 1091 1747; x_wconf 78' lang='lat' dir='ltr'><strong>iri-tante</strong></span> <span class='ocrx_word' id='word_1_70' title='bbox 1115 1683 1191 1746; x_wconf 82' lang='lat' dir='ltr'><strong>vrbe</strong></span> <span class='ocrx_word' id='word_1_71' title='bbox 1221 1683 1271 1748; x_wconf 88' lang='lat' dir='ltr'><strong>vel</strong></span> <span class='ocrx_word' id='word_1_72' title='bbox 1305 1684 1376 1751; x_wconf 83' lang='lat' dir='ltr'><strong>otim</strong></span> <span class='ocrx_word' id='word_1_73' title='bbox 1406 1684 1464 1750; x_wconf 85' lang='lat' dir='ltr'><strong>bd-</strong></span> 
     </span>
     <span class='ocr_line' id='line_1_13' title="bbox 166 1784 1462 1880; baseline 0.003 -33"><span class='ocrx_word' id='word_1_74' title='bbox 166 1804 275 1852; x_wconf 87' lang='lat' dir='ltr'><strong>nerum</strong></span> <span class='ocrx_word' id='word_1_75' title='bbox 298 1786 485 1870; x_wconf 78' lang='lat' dir='ltr'><strong>dignitatem,</strong></span> <span class='ocrx_word' id='word_1_76' title='bbox 509 1784 559 1850; x_wconf 89' lang='lat' dir='ltr'><strong>vel</strong></span> <span class='ocrx_word' id='word_1_77' title='bbox 581 1788 672 1854; x_wconf 89' lang='lat' dir='ltr'><strong>modo</strong></span> <span class='ocrx_word' id='word_1_78' title='bbox 694 1788 842 1855; x_wconf 86' lang='lat' dir='ltr'><strong>mulorum</strong></span> <span class='ocrx_word' id='word_1_79' title='bbox 865 1789 1077 1852; x_wconf 77' lang='lat' dir='ltr'><strong>nmiestetem‘t</strong></span> <span class='ocrx_word' id='word_1_80' title='bbox 1092 1787 1174 1864; x_wconf 73' lang='lat' dir='ltr'><strong>›Sed,</strong></span> <span class='ocrx_word' id='word_1_81' title='bbox 1196 1807 1235 1852; x_wconf 88' lang='lat' dir='ltr'><strong>ue</strong></span> <span class='ocrx_word' id='word_1_82' title='bbox 1258 1789 1331 1880; x_wconf 86' lang='lat' dir='ltr'><strong>quid</strong></span> <span class='ocrx_word' id='word_1_83' title='bbox 1353 1789 1462 1854; x_wconf 84' lang='lat' dir='ltr'><strong>honori</strong></span> 
     </span>
     <span class='ocr_line' id='line_1_14' title="bbox 167 1891 1462 1974; baseline 0.005 -22"><span class='ocrx_word' id='word_1_84' title='bbox 167 1891 254 1966; x_wconf 90' lang='lat' dir='ltr'><strong>desit,</strong></span> <span class='ocrx_word' id='word_1_85' title='bbox 279 1891 415 1957; x_wconf 84' lang='lat' dir='ltr'><strong>udiieirm</strong></span> <span class='ocrx_word' id='word_1_86' title='bbox 431 1899 470 1974; x_wconf 77' lang='lat' dir='ltr'><strong>¹el</strong></span> <span class='ocrx_word' id='word_1_87' title='bbox 486 1900 646 1973; x_wconf 69' lang='lat' dir='ltr'><strong>porterum</strong></span> <span class='ocrx_word' id='word_1_88' title='bbox 669 1912 828 1958; x_wconf 88' lang='lat' dir='ltr'><strong>numerum</strong></span> <span class='ocrx_word' id='word_1_89' title='bbox 852 1901 885 1956; x_wconf 89' lang='lat' dir='ltr'><strong>et</strong></span> <span class='ocrx_word' id='word_1_90' title='bbox 905 1892 1125 1958; x_wconf 69' lang='lat' dir='ltr'><strong>multitudinem</strong></span> <span class='ocrx_word' id='word_1_91' title='bbox 1140 1909 1298 1966; x_wconf 75' lang='lat' dir='ltr'><strong>serrorum</strong></span> <span class='ocrx_word' id='word_1_92' title='bbox 1313 1894 1462 1971; x_wconf 81' lang='lat' dir='ltr'><strong>cinerum,</strong></span> 
     </span>
     <span class='ocr_line' id='line_1_15' title="bbox 168 1996 1462 2083; baseline 0.009 -25"><span class='ocrx_word' id='word_1_93' title='bbox 168 2003 200 2058; x_wconf 93' lang='lat' dir='ltr'><strong>et</strong></span> <span class='ocrx_word' id='word_1_94' title='bbox 236 2015 275 2058; x_wconf 91' lang='lat' dir='ltr'><strong>ne</strong></span> <span class='ocrx_word' id='word_1_95' title='bbox 304 1996 417 2080; x_wconf 46' lang='lat' dir='ltr'><strong>,aliquis</strong></span> <span class='ocrx_word' id='word_1_96' title='bbox 456 1999 620 2064; x_wconf 82' lang='lat' dir='ltr'><strong>uerborum</strong></span> <span class='ocrx_word' id='word_1_97' title='bbox 653 1999 840 2071; x_wconf 70' lang='lat' dir='ltr'><strong>obscuritate</strong></span> <span class='ocrx_word' id='word_1_98' title='bbox 870 2007 1013 2068; x_wconf 72' lang='lat' dir='ltr'><strong>causetur</strong></span> <span class='ocrx_word' id='word_1_99' title='bbox 1042 2015 1078 2064; x_wconf 87' lang='lat' dir='ltr'><strong>se</strong></span> <span class='ocrx_word' id='word_1_100' title='bbox 1106 2018 1125 2062; x_wconf 85' lang='lat' dir='ltr'><strong>a</strong></span> <span class='ocrx_word' id='word_1_101' title='bbox 1153 1999 1329 2083; x_wconf 66' lang='lat' dir='ltr'><strong>domnione</strong></span> <span class='ocrx_word' id='word_1_102' title='bbox 1358 2017 1462 2068; x_wconf 82' lang='lat' dir='ltr'><strong>rerum</strong></span> 
     </span>
     <span class='ocr_line' id='line_1_16' title="bbox 167 2102 848 2186; baseline 0.012 -23"><span class='ocrx_word' id='word_1_103' title='bbox 167 2102 263 2178; x_wconf 89' lang='lat' dir='ltr'><strong>reiiei,</strong></span> <span class='ocrx_word' id='word_1_104' title='bbox 286 2103 345 2167; x_wconf 89' lang='lat' dir='ltr'><strong>erit</strong></span> <span class='ocrx_word' id='word_1_105' title='bbox 366 2120 468 2168; x_wconf 87' lang='lat' dir='ltr'><strong>sermo</strong></span> <span class='ocrx_word' id='word_1_106' title='bbox 491 2105 684 2186; x_wconf 67' lang='lat' dir='ltr'><strong>quotidianus</strong></span> <span class='ocrx_word' id='word_1_107' title='bbox 707 2113 738 2168; x_wconf 90' lang='lat' dir='ltr'><strong>et</strong></span> <span class='ocrx_word' id='word_1_108' title='bbox 760 2105 848 2171; x_wconf 88' lang='lat' dir='ltr'><strong>leuis.</strong></span> 
     </span>
    </p>
   </div>
   <div class='ocr_carea' id='block_1_4' title="bbox 167 2223 1471 2818">
    <p class='ocr_par' dir='ltr' id='par_1_9' title="bbox 167 2223 1471 2818">
     <span class='ocr_line' id='line_1_17' title="bbox 253 2223 1463 2310; baseline 0.002 -22"><span class='ocrx_word' id='word_1_109' title='bbox 253 2223 350 2288; x_wconf 86' lang='lat' dir='ltr'><strong>Prima</strong></span> <span class='ocrx_word' id='word_1_110' title='bbox 365 2226 665 2307; x_wconf 81' lang='lat' dir='ltr'><strong>purtqurnelin,</strong></span> <span class='ocrx_word' id='word_1_111' title='bbox 689 2246 767 2310; x_wconf 77' lang='lat' dir='ltr'><strong>quae</strong></span> <span class='ocrx_word' id='word_1_112' title='bbox 783 2227 873 2290; x_wconf 81' lang='lat' dir='ltr'><strong>uredo</strong></span> <span class='ocrx_word' id='word_1_113' title='bbox 897 2226 1006 2291; x_wconf 85' lang='lat' dir='ltr'><strong>dieitur</strong></span> <span class='ocrx_word' id='word_1_114' title='bbox 1027 2234 1116 2309; x_wconf 71' lang='lat' dir='ltr'><strong>purte</strong></span> <span class='ocrx_word' id='word_1_115' title='bbox 1139 2226 1236 2292; x_wconf 84' lang='lat' dir='ltr'><strong>suncti</strong></span> <span class='ocrx_word' id='word_1_116' title='bbox 1246 2226 1338 2303; x_wconf 84' lang='lat' dir='ltr'><strong>Petri,</strong></span> <span class='ocrx_word' id='word_1_117' title='bbox 1361 2235 1394 2291; x_wconf 94' lang='lat' dir='ltr'><strong>et</strong></span> <span class='ocrx_word' id='word_1_118' title='bbox 1414 2227 1463 2292; x_wconf 79' lang='lat' dir='ltr'><strong>riu</strong></span> 
     </span>
     <span class='ocr_line' id='line_1_18' title="bbox 169 2328 1463 2415; baseline 0.004 -24"><span class='ocrx_word' id='word_1_119' title='bbox 169 2328 317 2395; x_wconf 80' lang='lat' dir='ltr'><strong>Cornelis.</strong></span> <span class='ocrx_word' id='word_1_120' title='bbox 361 2331 446 2396; x_wconf 82' lang='lat' dir='ltr'><strong>luxtu</strong></span> <span class='ocrx_word' id='word_1_121' title='bbox 477 2351 542 2396; x_wconf 81' lang='lat' dir='ltr'><strong>eum</strong></span> <span class='ocrx_word' id='word_1_122' title='bbox 565 2331 695 2395; x_wconf 78' lang='lat' dir='ltr'><strong>eeclesia</strong></span> <span class='ocrx_word' id='word_1_123' title='bbox 718 2333 799 2395; x_wconf 81' lang='lat' dir='ltr'><strong>besti</strong></span> <span class='ocrx_word' id='word_1_124' title='bbox 821 2333 903 2395; x_wconf 90' lang='lat' dir='ltr'><strong>Petri</strong></span> <span class='ocrx_word' id='word_1_125' title='bbox 933 2333 990 2398; x_wconf 83' lang='lat' dir='ltr'><strong>situ</strong></span> <span class='ocrx_word' id='word_1_126' title='bbox 1013 2341 1072 2409; x_wconf 89' lang='lat' dir='ltr'><strong>est,</strong></span> <span class='ocrx_word' id='word_1_127' title='bbox 1102 2331 1132 2394; x_wconf 86' lang='lat' dir='ltr'><strong>irr</strong></span> <span class='ocrx_word' id='word_1_128' title='bbox 1165 2351 1224 2415; x_wconf 82' lang='lat' dir='ltr'><strong>qus</strong></span> <span class='ocrx_word' id='word_1_129' title='bbox 1253 2349 1366 2414; x_wconf 86' lang='lat' dir='ltr'><strong>eorpus</strong></span> <span class='ocrx_word' id='word_1_130' title='bbox 1397 2333 1463 2398; x_wconf 90' lang='lat' dir='ltr'><strong>eius</strong></span> 
     </span>
     <span class='ocr_line' id='line_1_19' title="bbox 167 2433 1471 2520; baseline 0.005 -26"><span class='ocrx_word' id='word_1_131' title='bbox 167 2433 354 2510; x_wconf 46' lang='lat' dir='ltr'><strong>iacetmeuro</strong></span> <span class='ocrx_word' id='word_1_132' title='bbox 377 2444 409 2500; x_wconf 86' lang='lat' dir='ltr'><strong>et</strong></span> <span class='ocrx_word' id='word_1_133' title='bbox 431 2442 562 2520; x_wconf 74' lang='lat' dir='ltr'><strong>urgento</strong></span> <span class='ocrx_word' id='word_1_134' title='bbox 584 2445 616 2500; x_wconf 89' lang='lat' dir='ltr'><strong>et</strong></span> <span class='ocrx_word' id='word_1_135' title='bbox 637 2436 785 2519; x_wconf 77' lang='lat' dir='ltr'><strong>lapidibus</strong></span> <span class='ocrx_word' id='word_1_136' title='bbox 807 2444 921 2518; x_wconf 77' lang='lat' dir='ltr'><strong>purete,</strong></span> <span class='ocrx_word' id='word_1_137' title='bbox 944 2445 976 2500; x_wconf 94' lang='lat' dir='ltr'><strong>et</strong></span> <span class='ocrx_word' id='word_1_138' title='bbox 999 2435 1100 2506; x_wconf 89' lang='lat' dir='ltr'><strong>nullus</strong></span> <span class='ocrx_word' id='word_1_139' title='bbox 1113 2436 1204 2500; x_wconf 82' lang='lat' dir='ltr'><strong>homo</strong></span> <span class='ocrx_word' id='word_1_140' title='bbox 1227 2437 1288 2501; x_wconf 88' lang='lat' dir='ltr'><strong>seit</strong></span> <span class='ocrx_word' id='word_1_141' title='bbox 1304 2455 1471 2501; x_wconf 85' lang='lat' dir='ltr'><strong>numerum</strong></span> 
     </span>
     <span class='ocr_line' id='line_1_20' title="bbox 168 2539 1465 2626; baseline 0.002 -25"><span class='ocrx_word' id='word_1_142' title='bbox 168 2546 342 2604; x_wconf 80' lang='lat' dir='ltr'><strong>sanctorum</strong></span> <span class='ocrx_word' id='word_1_143' title='bbox 366 2541 618 2624; x_wconf 81' lang='lat' dir='ltr'><strong>llartyrum,=qui</strong></span> <span class='ocrx_word' id='word_1_144' title='bbox 640 2543 670 2605; x_wconf 89' lang='lat' dir='ltr'><strong>in</strong></span> <span class='ocrx_word' id='word_1_145' title='bbox 686 2541 800 2606; x_wconf 75' lang='lat' dir='ltr'><strong>sedeur</strong></span> <span class='ocrx_word' id='word_1_146' title='bbox 825 2539 956 2607; x_wconf 79' lang='lat' dir='ltr'><strong>ecclesis</strong></span> <span class='ocrx_word' id='word_1_147' title='bbox 978 2549 1115 2626; x_wconf 76' lang='lat' dir='ltr'><strong>pausent.</strong></span> <span class='ocrx_word' id='word_1_148' title='bbox 1159 2539 1193 2605; x_wconf 92' lang='lat' dir='ltr'><strong>ln</strong></span> <span class='ocrx_word' id='word_1_149' title='bbox 1216 2541 1323 2606; x_wconf 82' lang='lat' dir='ltr'><strong>eudem</strong></span> <span class='ocrx_word' id='word_1_150' title='bbox 1345 2543 1396 2606; x_wconf 83' lang='lat' dir='ltr'><strong>ria</strong></span> <span class='ocrx_word' id='word_1_151' title='bbox 1418 2549 1465 2606; x_wconf 87' lang='lat' dir='ltr'><strong>est</strong></span> 
     </span>
     <span class='ocr_line' id='line_1_21' title="bbox 169 2643 1465 2731; baseline 0.002 -23"><span class='ocrx_word' id='word_1_152' title='bbox 169 2643 299 2710; x_wconf 79' lang='lat' dir='ltr'><strong>ecelesia</strong></span> <span class='ocrx_word' id='word_1_153' title='bbox 321 2644 427 2723; x_wconf 78' lang='lat' dir='ltr'><strong>alteru,</strong></span> <span class='ocrx_word' id='word_1_154' title='bbox 451 2647 481 2709; x_wconf 93' lang='lat' dir='ltr'><strong>iu</strong></span> <span class='ocrx_word' id='word_1_155' title='bbox 505 2665 565 2729; x_wconf 82' lang='lat' dir='ltr'><strong>qus</strong></span> <span class='ocrx_word' id='word_1_156' title='bbox 587 2648 786 2728; x_wconf 84' lang='lat' dir='ltr'><strong>requiescunt</strong></span> <span class='ocrx_word' id='word_1_157' title='bbox 816 2655 939 2712; x_wconf 79' lang='lat' dir='ltr'><strong>sanetae</strong></span> <span class='ocrx_word' id='word_1_158' title='bbox 961 2647 1098 2731; x_wconf 84' lang='lat' dir='ltr'><strong>virgines</strong></span> <span class='ocrx_word' id='word_1_159' title='bbox 1127 2645 1233 2711; x_wconf 74' lang='lat' dir='ltr'><strong>llutins</strong></span> <span class='ocrx_word' id='word_1_160' title='bbox 1263 2653 1295 2709; x_wconf 88' lang='lat' dir='ltr'><strong>et</strong></span> <span class='ocrx_word' id='word_1_161' title='bbox 1316 2644 1465 2712; x_wconf 80' lang='lat' dir='ltr'><strong>Secunde.</strong></span> 
     </span>
     <span class='ocr_line' id='line_1_22' title="bbox 170 2733 1465 2818; baseline 0.005 -10"><span class='ocrx_word' id='word_1_162' title='bbox 170 2745 203 2808; x_wconf 94' lang='lat' dir='ltr'><strong>ln</strong></span> <span class='ocrx_word' id='word_1_163' title='bbox 226 2749 315 2814; x_wconf 78' lang='lat' dir='ltr'><strong>tertie</strong></span> <span class='ocrx_word' id='word_1_164' title='bbox 339 2749 471 2818; x_wconf 76' lang='lat' dir='ltr'><strong>ecelesia</strong></span> <span class='ocrx_word' id='word_1_165' title='bbox 493 2751 687 2817; x_wconf 78' lang='lat' dir='ltr'><strong>suutllsrius</strong></span> <span class='ocrx_word' id='word_1_166' title='bbox 710 2759 741 2816; x_wconf 91' lang='lat' dir='ltr'><strong>et</strong></span> <span class='ocrx_word' id='word_1_167' title='bbox 752 2733 869 2816; x_wconf 76' lang='lat' dir='ltr'><strong>llrrthn</strong></span> <span class='ocrx_word' id='word_1_168' title='bbox 892 2750 1121 2816; x_wconf 76' lang='lat' dir='ltr'><strong>etdudilexet</strong></span> <span class='ocrx_word' id='word_1_169' title='bbox 1137 2749 1259 2816; x_wconf 77' lang='lat' dir='ltr'><strong>Abusus</strong></span> <span class='ocrx_word' id='word_1_170' title='bbox 1280 2749 1333 2813; x_wconf 85' lang='lat' dir='ltr'><strong>tilii</strong></span> <span class='ocrx_word' id='word_1_171' title='bbox 1348 2765 1465 2815; x_wconf 86' lang='lat' dir='ltr'><strong>eurum.</strong></span> 
     </span>
    </p>
   </div>
   <div class='ocr_carea' id='block_1_5' title="bbox 153 2869 1481 3268">
    <p class='ocr_par' dir='ltr' id='par_1_10' title="bbox 153 2869 1481 3268">
     <span class='ocr_line' id='line_1_23' title="bbox 153 2869 1467 2956; baseline 0.001 -22"><span class='ocrx_word' id='word_1_172' title='bbox 153 2947 158 2951; x_wconf 41' lang='grc'><strong>,</strong></span> <span class='ocrx_word' id='word_1_173' title='bbox 255 2869 393 2936; x_wconf 82' lang='lat' dir='ltr'><strong>Secunda</strong></span> <span class='ocrx_word' id='word_1_174' title='bbox 415 2881 503 2956; x_wconf 83' lang='lat' dir='ltr'><strong>porte</strong></span> <span class='ocrx_word' id='word_1_175' title='bbox 525 2873 745 2955; x_wconf 80' lang='lat' dir='ltr'><strong>Fluminea,</strong></span> <span class='ocrx_word' id='word_1_176' title='bbox 778 2893 857 2956; x_wconf 79' lang='lat' dir='ltr'><strong>quae</strong></span> <span class='ocrx_word' id='word_1_177' title='bbox 878 2873 969 2937; x_wconf 90' lang='lat' dir='ltr'><strong>modo</strong></span> <span class='ocrx_word' id='word_1_178' title='bbox 993 2871 1160 2956; x_wconf 81' lang='lat' dir='ltr'><strong>appellatur</strong></span> <span class='ocrx_word' id='word_1_179' title='bbox 1190 2871 1285 2936; x_wconf 80' lang='lat' dir='ltr'><strong>suncti</strong></span> <span class='ocrx_word' id='word_1_180' title='bbox 1305 2871 1467 2950; x_wconf 83' lang='lat' dir='ltr'><strong>Valentini,</strong></span> 
     </span>
     <span class='ocr_line' id='line_1_24' title="bbox 169 2973 1466 3063; baseline 0.002 -28"><span class='ocrx_word' id='word_1_181' title='bbox 169 2979 200 3035; x_wconf 88' lang='lat' dir='ltr'><strong>et</strong></span> <span class='ocrx_word' id='word_1_182' title='bbox 230 2973 380 3039; x_wconf 72' lang='lat' dir='ltr'><strong>Flaminius</strong></span> <span class='ocrx_word' id='word_1_183' title='bbox 412 2977 470 3040; x_wconf 85' lang='lat' dir='ltr'><strong>vie.</strong></span> <span class='ocrx_word' id='word_1_184' title='bbox 509 2985 541 3042; x_wconf 87' lang='lat' dir='ltr'><strong>et</strong></span> <span class='ocrx_word' id='word_1_185' title='bbox 570 2998 638 3043; x_wconf 85' lang='lat' dir='ltr'><strong>eum</strong></span> <span class='ocrx_word' id='word_1_186' title='bbox 676 2979 713 3042; x_wconf 83' lang='lat' dir='ltr'><strong>ad</strong></span> <span class='ocrx_word' id='word_1_187' title='bbox 741 2985 866 3063; x_wconf 86' lang='lat' dir='ltr'><strong>pontem</strong></span> <span class='ocrx_word' id='word_1_188' title='bbox 894 2977 1037 3042; x_wconf 89' lang='lat' dir='ltr'><strong>llolbium</strong></span> <span class='ocrx_word' id='word_1_189' title='bbox 1068 2977 1224 3058; x_wconf 86' lang='lat' dir='ltr'><strong>peruenit,</strong></span> <span class='ocrx_word' id='word_1_190' title='bbox 1261 2983 1388 3040; x_wconf 79' lang='lat' dir='ltr'><strong>vocetur</strong></span> <span class='ocrx_word' id='word_1_191' title='bbox 1417 2976 1466 3039; x_wconf 82' lang='lat' dir='ltr'><strong>viu</strong></span> 
     </span>
     <span class='ocr_line' id='line_1_25' title="bbox 167 3078 1481 3166; baseline 0.001 -25"><span class='ocrx_word' id='word_1_192' title='bbox 167 3079 361 3156; x_wconf 80' lang='lat' dir='ltr'><strong>Rauennam,</strong></span> <span class='ocrx_word' id='word_1_193' title='bbox 386 3082 454 3162; x_wconf 82' lang='lat' dir='ltr'><strong>quia</strong></span> <span class='ocrx_word' id='word_1_194' title='bbox 477 3081 514 3146; x_wconf 81' lang='lat' dir='ltr'><strong>ad</strong></span> <span class='ocrx_word' id='word_1_195' title='bbox 537 3083 711 3148; x_wconf 80' lang='lat' dir='ltr'><strong>Rauennam</strong></span> <span class='ocrx_word' id='word_1_196' title='bbox 735 3084 826 3148; x_wconf 83' lang='lat' dir='ltr'><strong>ducit</strong></span> <span class='ocrx_word' id='word_1_197' title='bbox 847 3083 892 3147; x_wconf 86' lang='lat' dir='ltr'><strong>lbi</strong></span> <span class='ocrx_word' id='word_1_198' title='bbox 913 3081 944 3145; x_wconf 92' lang='lat' dir='ltr'><strong>in</strong></span> <span class='ocrx_word' id='word_1_199' title='bbox 966 3083 1064 3166; x_wconf 87' lang='lat' dir='ltr'><strong>primu</strong></span> <span class='ocrx_word' id='word_1_200' title='bbox 1087 3079 1227 3144; x_wconf 81' lang='lat' dir='ltr'><strong>milliario</strong></span> <span class='ocrx_word' id='word_1_201' title='bbox 1251 3078 1326 3144; x_wconf 86' lang='lat' dir='ltr'><strong>loris</strong></span> <span class='ocrx_word' id='word_1_202' title='bbox 1342 3087 1481 3144; x_wconf 76' lang='lat' dir='ltr'><strong>sanctus·</strong></span> 
     </span>
     <span class='ocr_line' id='line_1_26' title="bbox 170 3177 868 3268; baseline 0.009 -23"><span class='ocrx_word' id='word_1_203' title='bbox 170 3179 348 3249; x_wconf 75' lang='lat' dir='ltr'><strong>Valentinus</strong></span> <span class='ocrx_word' id='word_1_204' title='bbox 369 3186 399 3247; x_wconf 90' lang='lat' dir='ltr'><strong>in</strong></span> <span class='ocrx_word' id='word_1_205' title='bbox 422 3203 477 3250; x_wconf 81' lang='lat' dir='ltr'><strong>sue</strong></span> <span class='ocrx_word' id='word_1_206' title='bbox 499 3177 635 3250; x_wconf 58' lang='lat' dir='ltr'><strong>ecelesia&#39;</strong></span> <span class='ocrx_word' id='word_1_207' title='bbox 653 3188 829 3268; x_wconf 87' lang='lat' dir='ltr'><strong>requiescit.</strong></span> <span class='ocrx_word' id='word_1_208' title='bbox 866 3219 868 3226; x_wconf 39' lang='lat' dir='ltr'>v</span> 
     </span>
    </p>
   </div>
   <div class='ocr_carea' id='block_1_6' title="bbox 168 3304 1467 3707">
    <p class='ocr_par' dir='ltr' id='par_1_11' title="bbox 168 3304 1467 3707">
     <span class='ocr_line' id='line_1_27' title="bbox 258 3304 1467 3394; baseline 0 -26"><span class='ocrx_word' id='word_1_209' title='bbox 258 3305 360 3370; x_wconf 79' lang='lat' dir='ltr'><strong>Tertia</strong></span> <span class='ocrx_word' id='word_1_210' title='bbox 383 3315 470 3390; x_wconf 83' lang='lat' dir='ltr'><strong>porta</strong></span> <span class='ocrx_word' id='word_1_211' title='bbox 493 3305 735 3394; x_wconf 80' lang='lat' dir='ltr'><strong>Pincianu1),</strong></span> <span class='ocrx_word' id='word_1_212' title='bbox 770 3316 801 3372; x_wconf 92' lang='lat' dir='ltr'><strong>et</strong></span> <span class='ocrx_word' id='word_1_213' title='bbox 823 3310 872 3372; x_wconf 83' lang='lat' dir='ltr'><strong>via</strong></span> <span class='ocrx_word' id='word_1_214' title='bbox 895 3307 1004 3372; x_wconf 91' lang='lat' dir='ltr'><strong>eodem</strong></span> <span class='ocrx_word' id='word_1_215' title='bbox 1028 3306 1118 3388; x_wconf 86' lang='lat' dir='ltr'><strong>ruodo¹</strong></span> <span class='ocrx_word' id='word_1_216' title='bbox 1141 3305 1298 3390; x_wconf 77' lang='lat' dir='ltr'><strong>appellata,</strong></span> <span class='ocrx_word' id='word_1_217' title='bbox 1321 3304 1377 3368; x_wconf 90' lang='lat' dir='ltr'><strong>sed</strong></span> <span class='ocrx_word' id='word_1_218' title='bbox 1399 3323 1467 3368; x_wconf 87' lang='lat' dir='ltr'><strong>eum</strong></span> 
     </span>
     <span class='ocr_line' id='line_1_28' title="bbox 170 3399 1466 3496; baseline 0 -24"><span class='ocrx_word' id='word_1_219' title='bbox 170 3410 311 3492; x_wconf 82' lang='lat' dir='ltr'><strong>peruenit</strong></span> <span class='ocrx_word' id='word_1_220' title='bbox 334 3409 371 3473; x_wconf 89' lang='lat' dir='ltr'><strong>ed</strong></span> <span class='ocrx_word' id='word_1_221' title='bbox 395 3409 538 3476; x_wconf 79' lang='lat' dir='ltr'><strong>Salariam</strong></span> <span class='ocrx_word' id='word_1_222' title='bbox 562 3411 804 3496; x_wconf 84' lang='lat' dir='ltr'><strong>nomen&#39;perdit,</strong></span> <span class='ocrx_word' id='word_1_223' title='bbox 835 3421 868 3476; x_wconf 88' lang='lat' dir='ltr'><strong>et</strong></span> <span class='ocrx_word' id='word_1_224' title='bbox 889 3411 930 3476; x_wconf 92' lang='lat' dir='ltr'><strong>ibi</strong></span> <span class='ocrx_word' id='word_1_225' title='bbox 952 3431 1048 3496; x_wconf 85' lang='lat' dir='ltr'><strong>prope</strong></span> <span class='ocrx_word' id='word_1_226' title='bbox 1071 3411 1101 3474; x_wconf 88' lang='lat' dir='ltr'><strong>in</strong></span> <span class='ocrx_word' id='word_1_227' title='bbox 1125 3399 1254 3474; x_wconf 82' lang='lat' dir='ltr'><strong>deloco</strong></span> <span class='ocrx_word' id='word_1_228' title='bbox 1285 3409 1336 3492; x_wconf 87' lang='lat' dir='ltr'><strong>qui</strong></span> <span class='ocrx_word' id='word_1_229' title='bbox 1358 3409 1466 3474; x_wconf 90' lang='lat' dir='ltr'><strong>dicitur</strong></span> 
     </span>
     <span class='ocr_line' id='line_1_29' title="bbox 168 3503 1465 3601; baseline 0.002 -25"><span class='ocrx_word' id='word_1_230' title='bbox 168 3503 355 3591; x_wconf 83' lang='lat' dir='ltr'><strong>Cueumeris,</strong></span> <span class='ocrx_word' id='word_1_231' title='bbox 377 3517 573 3598; x_wconf 86' lang='lat' dir='ltr'><strong>requiescunt</strong></span> <span class='ocrx_word' id='word_1_232' title='bbox 594 3517 744 3601; x_wconf 81' lang='lat' dir='ltr'><strong>Martyres</strong></span> <span class='ocrx_word' id='word_1_233' title='bbox 767 3517 887 3596; x_wconf 84' lang='lat' dir='ltr'><strong>Festus,</strong></span> <span class='ocrx_word' id='word_1_234' title='bbox 916 3515 1076 3594; x_wconf 69' lang='lat' dir='ltr'><strong>lohannes</strong></span> <span class='ocrx_word' id='word_1_235' title='bbox 1105 3513 1264 3591; x_wconf 76' lang='lat' dir='ltr'><strong>liberulis,</strong></span> <span class='ocrx_word' id='word_1_236' title='bbox 1297 3511 1465 3600; x_wconf 80' lang='lat' dir='ltr'><strong>Diogenes,</strong></span> 
     </span>
     <span class='ocr_line' id='line_1_30' title="bbox 168 3617 1249 3707; baseline -0.002 -25"><span class='ocrx_word' id='word_1_237' title='bbox 168 3617 298 3696; x_wconf 80' lang='lat' dir='ltr'><strong>Blestus,</strong></span> <span class='ocrx_word' id='word_1_238' title='bbox 320 3617 443 3697; x_wconf 81' lang='lat' dir='ltr'><strong>Lucina,</strong></span> <span class='ocrx_word' id='word_1_239' title='bbox 467 3621 549 3684; x_wconf 92' lang='lat' dir='ltr'><strong>etin</strong></span> <span class='ocrx_word' id='word_1_240' title='bbox 572 3639 633 3684; x_wconf 84' lang='lat' dir='ltr'><strong>vno</strong></span> <span class='ocrx_word' id='word_1_241' title='bbox 656 3621 818 3705; x_wconf 84' lang='lat' dir='ltr'><strong>sepulchro</strong></span> <span class='ocrx_word' id='word_1_242' title='bbox 841 3619 947 3707; x_wconf 78' lang='lat'>260²)</span> <span class='ocrx_word' id='word_1_243' title='bbox 971 3619 1054 3684; x_wconf 91' lang='lat' dir='ltr'><strong>etin</strong></span> <span class='ocrx_word' id='word_1_244' title='bbox 1077 3617 1173 3683; x_wconf 82' lang='lat' dir='ltr'><strong>altere</strong></span> <span class='ocrx_word' id='word_1_245' title='bbox 1196 3617 1249 3681; x_wconf 91' lang='grc'><strong>30.</strong></span> 
     </span>
    </p>
   </div>
   <div class='ocr_carea' id='block_1_7' title="bbox 130 3723 1480 4438">
    <p class='ocr_par' dir='ltr' id='par_1_12' title="bbox 168 3723 1480 4144">
     <span class='ocr_line' id='line_1_31' title="bbox 255 3723 1466 3827; baseline 0.002 -22"><span class='ocrx_word' id='word_1_246' title='bbox 255 3740 368 3816; x_wconf 77' lang='lat' dir='ltr'><strong>Quarta</strong></span> <span class='ocrx_word' id='word_1_247' title='bbox 390 3749 478 3824; x_wconf 84' lang='lat' dir='ltr'><strong>porta</strong></span> <span class='ocrx_word' id='word_1_248' title='bbox 512 3751 543 3806; x_wconf 89' lang='lat' dir='ltr'><strong>et</strong></span> <span class='ocrx_word' id='word_1_249' title='bbox 565 3743 613 3808; x_wconf 86' lang='lat' dir='ltr'><strong>vin</strong></span> <span class='ocrx_word' id='word_1_250' title='bbox 635 3741 808 3823; x_wconf 73' lang='lat' dir='ltr'><strong>Salaria,</strong></span> <span class='ocrx_word' id='word_1_251' title='bbox 843 3745 922 3827; x_wconf 85' lang='lat' dir='ltr'><strong>qune</strong></span> <span class='ocrx_word' id='word_1_252' title='bbox 944 3741 1035 3808; x_wconf 87' lang='lat' dir='ltr'><strong>modo</strong></span> <span class='ocrx_word' id='word_1_253' title='bbox 1059 3723 1154 3808; x_wconf 79' lang='lat' dir='ltr'><strong>sancti</strong></span> <span class='ocrx_word' id='word_1_254' title='bbox 1177 3740 1315 3820; x_wconf 81' lang='lat' dir='ltr'><strong>siluestri</strong></span> <span class='ocrx_word' id='word_1_255' title='bbox 1348 3740 1466 3808; x_wconf 81' lang='lat' dir='ltr'><strong>dieitur.</strong></span> 
     </span>
     <span class='ocr_line' id='line_1_32' title="bbox 168 3843 1464 3930; baseline -0.002 -19"><span class='ocrx_word' id='word_1_256' title='bbox 168 3845 213 3912; x_wconf 82' lang='lat' dir='ltr'><strong>llri</strong></span> <span class='ocrx_word' id='word_1_257' title='bbox 234 3847 317 3910; x_wconf 80' lang='lat' dir='ltr'><strong>iuxta</strong></span> <span class='ocrx_word' id='word_1_258' title='bbox 339 3845 716 3918; x_wconf 82' lang='lat' dir='ltr'><strong>vinm&#39;sunetusllermes&#39;</strong></span> <span class='ocrx_word' id='word_1_259' title='bbox 738 3849 915 3930; x_wconf 88' lang='lat' dir='ltr'><strong>requiescit,</strong></span> <span class='ocrx_word' id='word_1_260' title='bbox 938 3857 970 3912; x_wconf 91' lang='lat' dir='ltr'><strong>et</strong></span> <span class='ocrx_word' id='word_1_261' title='bbox 993 3853 1097 3912; x_wconf 80' lang='lat' dir='ltr'><strong>saneta</strong></span> <span class='ocrx_word' id='word_1_262' title='bbox 1119 3843 1250 3924; x_wconf 80' lang='lat' dir='ltr'><strong>Vesella,</strong></span> <span class='ocrx_word' id='word_1_263' title='bbox 1282 3843 1320 3909; x_wconf 76' lang='lat' dir='ltr'><strong>et&#39;</strong></span> <span class='ocrx_word' id='word_1_264' title='bbox 1334 3844 1464 3910; x_wconf 86' lang='lat' dir='ltr'><strong>Prothus</strong></span> 
     </span>
     <span class='ocr_line' id='line_1_33' title="bbox 170 3939 1467 4044; baseline -0.001 -30"><span class='ocrx_word' id='word_1_265' title='bbox 170 3960 203 4016; x_wconf 90' lang='lat' dir='ltr'><strong>et</strong></span> <span class='ocrx_word' id='word_1_266' title='bbox 223 3951 384 4044; x_wconf 71' lang='lat' dir='ltr'><strong>lueinetus,</strong></span> <span class='ocrx_word' id='word_1_267' title='bbox 404 3950 594 4028; x_wconf 82' lang='lat' dir='ltr'><strong>Maxiliunus,</strong></span> <span class='ocrx_word' id='word_1_268' title='bbox 624 3952 833 4030; x_wconf 78' lang='lat' dir='ltr'><strong>Herculanus,</strong></span> <span class='ocrx_word' id='word_1_269' title='bbox 859 3953 993 4036; x_wconf 84' lang='lat' dir='ltr'><strong>Crispus,</strong></span> <span class='ocrx_word' id='word_1_270' title='bbox 1023 3960 1055 4036; x_wconf 22' lang='lat' dir='ltr'><strong>ent</strong></span> <span class='ocrx_word' id='word_1_271' title='bbox 1083 3953 1114 4014; x_wconf 89' lang='lat' dir='ltr'><strong>in</strong></span> <span class='ocrx_word' id='word_1_272' title='bbox 1145 3951 1241 4032; x_wconf 82' lang='lat' dir='ltr'><strong>altero</strong></span> <span class='ocrx_word' id='word_1_273' title='bbox 1271 3949 1340 4013; x_wconf 87' lang='lat' dir='ltr'><strong>loco</strong></span> <span class='ocrx_word' id='word_1_274' title='bbox 1370 3939 1467 4035; x_wconf 74' lang='lat' dir='ltr'><strong>p&#39;rope</strong></span> 
     </span>
     <span class='ocr_line' id='line_1_34' title="bbox 168 4055 1480 4144; baseline -0.002 -22"><span class='ocrx_word' id='word_1_275' title='bbox 168 4059 367 4144; x_wconf 88' lang='lat' dir='ltr'><strong>requiescunt</strong></span> <span class='ocrx_word' id='word_1_276' title='bbox 389 4057 484 4122; x_wconf 81' lang='lat' dir='ltr'><strong>sensti</strong></span> <span class='ocrx_word' id='word_1_277' title='bbox 506 4055 658 4140; x_wconf 78' lang='lat' dir='ltr'><strong>Martyres</strong></span> <span class='ocrx_word' id='word_1_278' title='bbox 679 4057 850 4140; x_wconf 82' lang='lat' dir='ltr'><strong>Pamphilus</strong></span> <span class='ocrx_word' id='word_1_279' title='bbox 873 4066 904 4122; x_wconf 92' lang='lat' dir='ltr'><strong>et</strong></span> <span class='ocrx_word' id='word_1_280' title='bbox 926 4057 1069 4140; x_wconf 85' lang='lat' dir='ltr'><strong>Quirinus</strong></span> <span class='ocrx_word' id='word_1_281' title='bbox 1093 4055 1145 4120; x_wconf 85' lang='lat'><strong>70.</strong></span> <span class='ocrx_word' id='word_1_282' title='bbox 1180 4055 1323 4138; x_wconf 80' lang='lat' dir='ltr'><strong>gradibus</strong></span> <span class='ocrx_word' id='word_1_283' title='bbox 1352 4057 1384 4118; x_wconf 92' lang='lat' dir='ltr'><strong>in</strong></span> <span class='ocrx_word' id='word_1_284' title='bbox 1406 4057 1480 4122; x_wconf 87' lang='lat' dir='ltr'><strong>imo.</strong></span> 
     </span>
    </p>

    <p class='ocr_par' dir='ltr' id='par_1_13' title="bbox 130 4159 1469 4438">
     <span class='ocr_line' id='line_1_35' title="bbox 169 4159 1469 4244; baseline 0.003 -20"><span class='ocrx_word' id='word_1_285' title='bbox 169 4169 281 4228; x_wconf 79' lang='lat' dir='ltr'><strong>terrae.</strong></span> <span class='ocrx_word' id='word_1_286' title='bbox 326 4159 443 4224; x_wconf 87' lang='lat' dir='ltr'><strong>Deinde</strong></span> <span class='ocrx_word' id='word_1_287' title='bbox 466 4159 591 4228; x_wconf 75' lang='lat' dir='ltr'><strong>basilide</strong></span> <span class='ocrx_word' id='word_1_288' title='bbox 613 4169 738 4227; x_wconf 84' lang='lat' dir='ltr'><strong>sunctae</strong></span> <span class='ocrx_word' id='word_1_289' title='bbox 752 4163 947 4240; x_wconf 82' lang='lat' dir='ltr'><strong>Foelicitatis‚</strong></span> <span class='ocrx_word' id='word_1_290' title='bbox 970 4163 1023 4226; x_wconf 81' lang='lat' dir='ltr'><strong>uti</strong></span> <span class='ocrx_word' id='word_1_291' title='bbox 1046 4161 1211 4244; x_wconf 82' lang='lat' dir='ltr'><strong>requiescit</strong></span> <span class='ocrx_word' id='word_1_292' title='bbox 1233 4160 1283 4224; x_wconf 82' lang='lat' dir='ltr'><strong>illa</strong></span> <span class='ocrx_word' id='word_1_293' title='bbox 1306 4168 1337 4224; x_wconf 93' lang='lat' dir='ltr'><strong>et</strong></span> <span class='ocrx_word' id='word_1_294' title='bbox 1348 4159 1469 4228; x_wconf 79' lang='lat' dir='ltr'><strong>silanus</strong></span> 
     </span>
     <span class='ocr_line' id='line_1_36' title="bbox 130 4249 1467 4352; baseline -0.001 -23"><span class='ocrx_word' id='word_1_295' title='bbox 130 4249 135 4258; x_wconf 47' lang='lat'>⁸</span> <span class='ocrx_word' id='word_1_296' title='bbox 170 4259 249 4329; x_wconf 82' lang='lat' dir='ltr'><strong>filius</strong></span> <span class='ocrx_word' id='word_1_297' title='bbox 269 4259 335 4330; x_wconf 88' lang='lat' dir='ltr'><strong>eius</strong></span> <span class='ocrx_word' id='word_1_298' title='bbox 369 4273 399 4330; x_wconf 93' lang='lat' dir='ltr'><strong>et</strong></span> <span class='ocrx_word' id='word_1_299' title='bbox 419 4285 490 4330; x_wconf 86' lang='lat' dir='ltr'><strong>non</strong></span> <span class='ocrx_word' id='word_1_300' title='bbox 512 4266 606 4352; x_wconf 80' lang='lat' dir='ltr'><strong>longe</strong></span> <span class='ocrx_word' id='word_1_301' title='bbox 634 4265 808 4332; x_wconf 81' lang='lat' dir='ltr'><strong>Boniiecius</strong></span> <span class='ocrx_word' id='word_1_302' title='bbox 837 4265 963 4350; x_wconf 78' lang='lat' dir='ltr'><strong>Martyr.</strong></span> <span class='ocrx_word' id='word_1_303' title='bbox 1006 4265 1120 4330; x_wconf 88' lang='lat' dir='ltr'><strong>lbidem</strong></span> <span class='ocrx_word' id='word_1_304' title='bbox 1150 4266 1180 4328; x_wconf 92' lang='lat' dir='ltr'><strong>in</strong></span> <span class='ocrx_word' id='word_1_305' title='bbox 1211 4263 1307 4328; x_wconf 79' lang='lat' dir='ltr'><strong>ultera</strong></span> <span class='ocrx_word' id='word_1_306' title='bbox 1336 4263 1467 4328; x_wconf 80' lang='lat' dir='ltr'><strong>eeclesia</strong></span> 
     </span>
     <span class='ocr_line' id='line_1_37' title="bbox 170 4369 1466 4438; baseline -0.003 -3"><span class='ocrx_word' id='word_1_307' title='bbox 170 4378 241 4436; x_wconf 90' lang='lat' dir='ltr'><strong>sunt</strong></span> <span class='ocrx_word' id='word_1_308' title='bbox 263 4371 437 4437; x_wconf 82' lang='lat' dir='ltr'><strong>Grisantlrus</strong></span> <span class='ocrx_word' id='word_1_309' title='bbox 470 4379 500 4436; x_wconf 89' lang='lat' dir='ltr'><strong>et</strong></span> <span class='ocrx_word' id='word_1_310' title='bbox 522 4372 613 4436; x_wconf 80' lang='lat' dir='ltr'><strong>Duria</strong></span> <span class='ocrx_word' id='word_1_311' title='bbox 644 4379 674 4436; x_wconf 89' lang='lat' dir='ltr'><strong>et</strong></span> <span class='ocrx_word' id='word_1_312' title='bbox 704 4371 883 4438; x_wconf 80' lang='lat' dir='ltr'><strong>Saturninus</strong></span> <span class='ocrx_word' id='word_1_313' title='bbox 915 4379 946 4436; x_wconf 90' lang='lat' dir='ltr'><strong>et</strong></span> <span class='ocrx_word' id='word_1_314' title='bbox 975 4371 1098 4436; x_wconf 83' lang='lat' dir='ltr'><strong>lleurus</strong></span> <span class='ocrx_word' id='word_1_315' title='bbox 1133 4377 1165 4434; x_wconf 87' lang='lat' dir='ltr'><strong>et</strong></span> <span class='ocrx_word' id='word_1_316' title='bbox 1186 4369 1275 4436; x_wconf 81' lang='lat' dir='ltr'><strong>lason</strong></span> <span class='ocrx_word' id='word_1_317' title='bbox 1308 4377 1339 4432; x_wconf 91' lang='lat' dir='ltr'><strong>et</strong></span> <span class='ocrx_word' id='word_1_318' title='bbox 1368 4376 1466 4432; x_wconf 84' lang='lat' dir='ltr'><strong>muter</strong></span> 
     </span>
    </p>
   </div>
   <div class='ocr_carea' id='block_1_8' title="bbox 215 4579 976 4703">
    <p class='ocr_par' dir='ltr' id='par_1_14' title="bbox 215 4579 976 4703">
     <span class='ocr_line' id='line_1_38' title="bbox 215 4579 976 4703; baseline 0.008 -39"><span class='ocrx_word' id='word_1_319' title='bbox 215 4579 218 4588; x_wconf 75' lang='grc'><em>’</em></span> <span class='ocrx_word' id='word_1_320' title='bbox 242 4611 270 4682; x_wconf 84' lang='lat'><strong>1)</strong></span> <span class='ocrx_word' id='word_1_321' title='bbox 289 4615 338 4668; x_wconf 79' lang='lat' dir='ltr'><strong>uu.</strong></span> <span class='ocrx_word' id='word_1_322' title='bbox 356 4615 503 4672; x_wconf 69' lang='lat' dir='ltr'><strong>eorsum</strong></span> <span class='ocrx_word' id='word_1_323' title='bbox 521 4619 557 4672; x_wconf 73' lang='lat' dir='ltr'><strong>ar.</strong></span> <span class='ocrx_word' id='word_1_324' title='bbox 574 4599 707 4703; x_wconf 55' lang='lat' dir='ltr'><strong>rossum</strong></span> <span class='ocrx_word' id='word_1_325' title='bbox 786 4601 792 4606; x_wconf 82' lang='lat'>&#39;</span> <span class='ocrx_word' id='word_1_326' title='bbox 813 4612 841 4684; x_wconf 78' lang='lat' dir='ltr'><strong>u)</strong></span> <span class='ocrx_word' id='word_1_327' title='bbox 858 4594 896 4690; x_wconf 70' lang='lat' dir='ltr'><strong>at,</strong></span> <span class='ocrx_word' id='word_1_328' title='bbox 914 4615 976 4670; x_wconf 76' lang='lat' dir='ltr'><strong>ero.-</strong></span> 
     </span>
    </p>
   </div>
   <div class='ocr_carea' id='block_1_9' title="bbox 0 0 1616 5188">
    <p class='ocr_par' dir='ltr' id='par_1_15' title="bbox 0 0 1616 5188">
     <span class='ocr_line' id='line_1_39' title="bbox 0 0 1616 5188; baseline 0 0"><span class='ocrx_word' id='word_1_329' title='bbox 0 0 1616 5188; x_wconf 95' lang='lat' dir='ltr'><strong> </strong></span> 
     </span>
    </p>
   </div>
  </div>
 </body>
</html>
