3160 5176
383 293 521 352 naturus
537 297 908 352 muniminum·
921 299 1069 358 naama„
1154 261 1157 276 '‘
1312 293 1370 367 εει

167 466 424 536 Porta·Latina
450 471 562 536 dicitur
590 472 694 538 iuiseo·
718 481 931 539 constructa-a
954 474 1179 560 Faunn'primo
1200 477 1375 542 Latinorum

79 589 159 656 rege
182 617 191 635 .
213 574 296 638 „alii
317 576 440 642 cadunt
456 577 542 659 ‘quod
566 622 573 638 .
597 623 606 641 .
628 578 707 642 diota
727 587 781 644 ast
802 622 809 641 .
833 599 881 642 .·a
902 578 982 642 lateo
1011 576 1281 662 quia=·Sumrnus·.
1307 628 1315 647 .
1338 581 1375 645 ad

79 676 192 742 dictam
215 687 330 761 portam
354 725 362 745 .
384 727 393 746 .
415 680 541 744 latitavit
564 696 574 748 .·
595 730 602 747 .
624 682 700 751 ab'us
723 682 1023 758 unimammas
1042 700 1163 750 carcer.
1185 731 1194 748 .
1216 726 1224 752 r

167 801 258 866 Porta
280 802 455 886 Metaura
487 803 595 868 dicitur
615 824 634 868 a
657 814 737 870 mata
773 825 833 888 que
849 815 904 871 est
919 848 921 856 ·
937 825 1090 886 utonsura,
1105 834 1108 845 ·
1125 809 1195 891 quia
1217 827 1322 874 aurum
1346 810 1376 874 .i.

77 905 230 973 tributum.
246 909 499 988 provinciarum.·.
516 942 530 972 ι.
552 910 791 975 mensurabatur
808 919 840 974 ει
857 911 1069 976 autumabatur
1090 913 1212 976 ibidem.
1237 963 1245 980 .
1269 963 1277 980 .
1301 959 1310 976 .
1342 928 1365 944 ‘¹

168 1028 259 1093 Porta
281 1029 470 1094 Asinaria
486 1017 573 1095 ‘diota
596 1037 643 1095 εει
666 1049 683 1095 a
707 1030 777 1095 toro
811 1009 990 1112 asinorum}
1006 1035 1093 1098 'tirou
1124 1053 1213 1117 quarn
1247 1031 1377 1117 antiquis

78 1133 271 1212 temporibus
309 1141 374 1201 erat
404 1135 618 1198 commoratum
646 1136 801 1202 asinorum
831 1139 1016 1202 venientium
1046 1129 1170 1202 Romam
1204 1137 1242 1202 de
1278 1157 1377 1223 regno

13 1247 19 1258 ’
78 1235 184 1300 Sicilie
208 1236 370 1331 et'Apulie
393 1285 402 1303 .
426 1285 438 1334 ,y
460 1239 551 1308 hodie
584 1239 693 1304 dicitur
726 1249 814 1331 porta
836 1241 977 1308 Laterani
1011 1242 1072 1308 bac.
1096 1242 1139 1308 ue
1172 1228 1281 1320 cansa„
1308 1243 1378 1326 quia

79 1341 272 1432 ranaupnixa
293 1343 330 1405 ab
352 1344 681 1434 imperatore'Nerouc
703 1346 744 1408 ibi
767 1346 882 1436 sepulta
904 1347 981 1417 latet
1001 1347 1127 1433 (propa.
1151 1349 1202 1434 6).
1258 1381 1278 1394 α
1344 1394 1347 1408 .

170 1462 261 1528 Porta
283 1463 473 1530 Lauicano
496 1465 636 1542 dicitur.
659 1515 667 1531 .
702 1467 788 1547 quia.
804 1476 891 1534 vates
914 1469 947 1534 ἰ..Ι
963 1453 1016 1551 pffi
1030 1467 1258 1553 (philosophi)
1282 1516 1289 1530 .
1314 1516 1330 1534 ..
1359 1487 1378 1532 a

79 1563 216 1632 videndo
240 1569 310 1632 dicti
346 1571 431 1650 quasi
454 1588 526 1634 vasa
564 1571 750 1651 sapientiae
764 1569 864 1662 futura
898 1575 1105 1657 contingentia
1138 1575 1169 1636 in
1190 1567 1230 1636 're
1259 1572 1379 1656 publica

80 1681 173 1735 caute
196 1673 469 1756 providebant..
484 1680 536 1736 ει
565 1674 656 1736 hodie
675 1675 813 1761 Romano
845 1677 1072 1758 ydiomate..
1108 1677 1187 1742 diota
1220 1685 1268 1740 est
1290 1683 1378 1758 porta

80 1779 223 1853 maior,
247 1779 348 1860 .quia
372 1777 535 1872 formosior
558 1775 594 1841 ει
609 1751 883 1884 propugnaculis
871 1773 902 1843 et
919 1765 1050 1844 turribus
1067 1781 1247 1846 eminentior
1263 1782 1379 1850 cunctis

80 1879 159 1946 aliis
180 1883 275 1966 portis
307 1880 402 1959 urhis,
437 1883 514 1946 sicut
542 1891 625 1966 patet
653 1892 778 1966 aspectu
811 1853 931 1968 publico
967 1887 1017 1968 qui
1052 1887 1132 1952 circa
1166 1885 1236 1950 talia
1267 1885 1379 1948 iudicat

79 1987 237 2050 veriora
259 1988 364 2052 alias
387 1986 495 2066 dicitur
524 1996 610 2086 porta
632 1983 791 2070 Exquilia,
816 1997 847 2052 ει
869 2008 955 2053 mons
984 1990 1014 2052 in
1038 2009 1098 2071 quo
1122 1990 1178 2064 sita
1201 1997 1248 2052 est
1271 1989 1380 2056 dicitur

80 2089 297 2174 Exquilinam
320 2111 391 2158 esca
415 2090 526 2155 alitium
550 2092 660 2166 avium,
683 2091 752 2174 quia
774 2093 804 2154 in
827 2101 930 2158 monta
953 2093 1127 2164 huiusmodi
1146 2093 1320 2186 pendebant
1342 2094 1379 2158 ab

81 2195 156 2260 otim
181 2216 310 2280 corpora
333 2197 593 2279 dampnatorum
585 2216 615 2260 m
637 2195 706 2258 loco
730 2197 783 2278 qui
804 2183 914 2260 dicitur
935 2182 1081 2280 hebraice
1114 2197 1266 2280 canariam
1288 2179 1380 2260 latine

80 2299 173 2365 locus
195 2298 319 2368 iustitie.
363 2301 396 2364 ln
413 2285 497 2365 'urbo
520 2297 557 2364 ab
581 2300 638 2363 alia
662 2310 748 2364 erant
778 2302 837 2364 duo
868 2303 988 2366 canaria
1021 2305 1050 2364 in
1080 2303 1208 2387 regione
1236 2303 1381 2364 montium

82 2407 150 2472 sita.
187 2423 279 2470 unum
302 2405 419 2469 eratin
442 2406 570 2469 canario
586 2406 696 2469 montis
719 2391 861 2487 Exqoitit,
884 2415 917 2470 ut
939 2407 1129 2489 praefertur,
1160 2423 1251 2488 supra
1274 2405 1380 2469 domos

82 2509 149 2594 Gaij
178 2509 301 2584 cesaris
322 2511 410 2591 primi
432 2510 600 2574 monancbe
620 2510 755 2588 Romani,
779 2511 959 2579 ‚secuudum
985 2519 1051 2575 erat
1077 2511 1108 2574 in
1131 2527 1248 2575 sommo
1270 2509 1381 2574 montis

84 2615 249 2687 Quirinalis
271 2632 363 2698 supra
386 2615 633 2690 domoabtetallij
658 2615 717 2700 (sio
737 2635 777 2679 m.
797 2615 842 2700 2.)
871 2615 1022 2699 pontificis
1054 2615 1175 2682 maximi
1196 2615 1323 2678 Romani
1350 2623 1382 2678 et

84 2737 250 2801 ecclesiam
273 2722 322 2800 sci
340 2737 497 2801 Saturnini
514 2737 572 2800 sub
593 2723 781 2821 imaginibus
798 2737 906 2802 caballi
928 2739 1090 2824 marmorei
1113 2735 1250 2805 ‚antias
1273 2737 1382 2801 dicitur

84 2841 206 2926 uquam
234 2843 272 2904 an
297 2843 432 2924 equitata
448 2871 465 2908 ι.
487 2836 733 2906 ,εειεῑευιιιι
841 2841 917 2906 uex-
937 2843 1107 2906 huiusmodi
1131 2824 1281 2906 *niniam
1303 2843 1384 2907 inter

85 2957 264 3028 memoriam
287 2963 486 3046 cumbrorum
510 2971 541 3028 ει
563 2957 882 3042 macellum''biborie,
920 2956 972 3027 ubi
995 2974 1042 3028 est
1065 2957 1155 3028 bodie
1186 2961 1317 3028 ecclesia
1331 2946 1403 3050 ”se—i?

86 3068 146 3134 Viti
171 3069 202 3131 in
226 3067 364 3145 macello,
396 3069 429 3130 in
452 3067 521 3132 loc'o
544 3071 596 3151 qui
619 3055 781 3133 dicebatur·
799 3069 836 3132 ab
868 3053 937 3132 olim
960 3058 1062 3131 militia
1085 3069 1114 3136 ,i
1137 3067 1281 3148 habitatio
1305 3069 1383 3132 mul-

87 3181 190 3239 torum
213 3170 336 3236 militum
351 3171 441 3235 hodie
455 3169 616 3236 ‘demolita'
630 3161 666 3237 ει
682 3175 711 3236 tn
728 3161 825 3237 solium
842 3157 947 3237 nostro
965 3176 1101 3254 tempore
1117 3164 1243 3236 reducta
1258 3163 1394 3256 propte'r'

86 3279 311 3361 reparationem
328 3277 407 3342 dicte
424 3277 554 3340 ecclesie
573 3295 631 3360 que
649 3269 816 3342 minabatur
831 3277 958 3354 ruinam,
975 3275 1055 3340 conti
1080 3296 1119 3340 ue
1135 3271 1213 3341 dicte
1230 3275 1383 3344 militie..

90 3383 168 3465 apud
192 3390 310 3466 portam
332 3381 504 3446 huiusmodi
526 3390 573 3446 est
596 3382 696 3446 Gauda
719 3383 825 3460 leonis,
848 3401 907 3514 per
927 3391 1016 3464 quam
1046 3297 1244 3466 {signantur
1267 3379 1384 3464 guber-

88 3488 196 3553 nacula
219 3487 350 3552 ciuitatis
372 3487 515 3554 Romano
615 3508 618 3528 ¹
686 3499 699 3525 ⁸¹
746 3515 750 3527 ·
863 3514 866 3524 ¹

176 3594 268 3657 Porta
282 3591 465 3656 Taurino
478 3593 557 3656 dicta
579 3599 627 3655 est
649 3594 693 3657 ab
709 3592 778 3675 olim
794 3613 811 3656 a
826 3579 974 3675 capitibus
990 3601 1144 3656 taurorum
1163 3609 1253 3674 supra
1268 3597 1385 3675 portam

90 3698 263 3763 huiusmodi
285 3697 409 3779 sculptis
432 3699 461 3760 in
484 3699 626 3782 ingressu
649 3705 680 3763 et
703 3701 786 3763 exitu
810 3695 899 3763 dicte·
913 3705 1015 3781 porte,
1047 3707 1081 3762 ut
1111 3715 1151 3784 err
1173 3695 1241 3760 'hoc
1271 3689 1387 3778 liquide

91 3811 212 3884 pateret
235 3803 271 3867 ad
295 3803 424 3880 nautum,
448 3804 529 3884 qood
551 3803 621 3866 ante'
645 3811 675 3868 ει
697 3813 766 3886 post
788 3789 882 3888 ipsam
901 3803 1036 3892 ¹antiquis*
1057 3801 1245 3886 temporibus
1277 3801 1386 3866 suisset

94 3905 191 3972 iorum
215 3915 382 3985 taurorum,
406 3915 437 3971 ει
458 3908 543 3972 locus
558 3910 617 3972 ἀεὶ
644 3897 706 3973 'sita
736 3917 784 3972 est
807 3907 895 3972 ‘dicta
924 3912 1016 3994 potta'
1031 3903 1212 3972 ‘secundum
1247 3907 1385 3970 cronicas

94 4010 242 4076 Romanas
266 4011 423 4076 dicebatur
445 4013 608 4095 antiquitus
631 4014 720 4098 regio
742 4015 830 4077 tauri.
847 4060 855 4077 .
871 4062 879 4079 .
896 4011 980 4076 Alias
1003 4011 1082 4076 diota
1105 4019 1152 4076 est
1174 4017 1261 4094 porta
1277 4009 1387 4074 Tibur-

96 4134 156 4197 tina
178 4181 186 4198 .
209 4183 218 4200 .
241 4142 271 4198 et
293 4133 384 4197 bodie
407 4135 516 4198 dicitur
537 4183 546 4200 .
568 4182 577 4198 .
599 4143 685 4218 portu
709 4121 766 4200 εεῖ
775 4133 931 4200 Laurentii
954 4142 1040 4198 extra
1063 4131 1177 4200 muros.

179 4239 270 4302 Porta
290 4239 537 4304 Nomentana
560 4240 685 4318 dicitur,
703 4237 778 4323 'quia
800 4228 857 4323 pe'r
881 4237 947 4303 eain
970 4247 1036 4302 erat
1058 4239 1107 4303 via
1130 4245 1160 4302 et
1182 4253 1325 4302 accessus
1349 4235 1386 4299 ad

98 4343 246 4408 civitatem
268 4343 497 4426 Nomentanam,
519 4361 599 4408 nunc
623 4347 659 4408 in*
677 4331 810 4410 castrum
831 4344 1002 4418 redactam,
1025 4360 1122 4425 penes
1145 4361 1233 4426 quam
1257 4343 1294 4406 ab
1318 4341 1388 4405 blim

97 4445 209 4512 fiebant
230 4450 344 4517 lateres
368 4449 452 4532 figuli
476 4459 507 4512 et
539 4451 664 4533 tegulae
687 4469 722 4514 ac
746 4468 818 4514 rasa
841 4449 1033 4534 figulorum.
1057 4497 1063 4514 .
1094 4447 1146 4511 vel
1168 4496 1206 4513 ..
1239 4445 1348 4509 dicitur
1370 4465 1388 4509 a

97 4554 215 4617 numine
238 4556 270 4620 ,in
288 4554 447 4632 sacrificio,
471 4555 551 4640 quod
574 4555 711 4620 ssauunes
726 4600 758 4621 ..
782 4553 987 4624 deferebant.
1010 4597 1019 4618 .
1041 4553 1074 4616 in
1094 4553 1214 4616 bonore
1234 4550 1388 4617 numinum
