3160 5176
476 373 619 426 itinerario
632 372 723 426 Urbis.
1307 373 1350 440 89

57 531 215 608 Quirinus,
250 531 416 615 Agapetus
457 530 690 608 Foelicissimus,
734 528 773 594 llt
809 532 839 594 in
868 531 964 598 altera
993 531 1124 600 ecclesia
1157 532 1351 617 tyburtius,

57 635 246 713 Valerianus,
269 637 426 714 Maximus,
450 654 508 698 nee
530 636 623 719 louge
647 631 776 700 ecelesia
800 635 931 700 Ceciliae
946 636 1097 720 llartyris,
1120 645 1152 702 et
1173 637 1216 702 ibi
1237 657 1350 703 recon-

56 741 104 804 diti
126 749 199 806 sunt
221 741 402 824 Stephanus,
424 742 538 818 sixtus,
561 740 740 819 Zelleriuus,
762 739 924 819 Eusebius
954 739 1150 820 llelcbiades,
1179 741 1350 822 Marcellus,

56 843 260 922 Euticbiauus,
277 843 477 928 ⁴Dionysius,
511 831 685 922 uniueros,
721 839 901 923 Peneiauus,
936 845 1048 910 Lucius
1070 846 1159 928 Papa,
1197 845 1351 930 Optaoius,

56 950 196 1028 tubanus,
222 949 398 1028 Calocerus,
419 950 607 1026 Parthenius,
630 951 816 1028 tharsicius,
838 950 992 1017 l’obtanus
1002 949 1027 1036 ¹)
1048 949 1207 1034 Martyres.
1237 952 1350 1016 ibidem

58 1053 183 1120 ecelesia
209 1057 305 1121 sancti
328 1054 460 1120 Cornelii
483 1063 515 1119 et
536 1071 657 1136 corpus.
686 1054 726 1120 llt
747 1056 778 1120 iu
800 1055 1052 1122 alteraecatasia
1076 1063 1181 1122 sancta
1199 1056 1351 1134 Setheris,

58 1169 86 1222 et
106 1179 167 1226 non
191 1160 288 1244 longe
308 1169 435 1242 pausant
466 1167 616 1242 martires
637 1159 828 1243 Hyppolitus,
858 1159 1020 1236 Adrianus,
1050 1159 1212 1238 Eusebius,
1247 1162 1352 1240 llario,

58 1264 180 1355 blartba,
213 1265 342 1344 Paulina,
366 1264 497 1340 Valeria,
518 1263 690 1341 Herculius,
712 1271 743 1330 ot
757 1282 853 1346 prope
867 1264 946 1348 Papa
958 1263 1076 1330 Marcus
1097 1265 1128 1328 in
1142 1283 1198 1330 sua
1213 1265 1357 1343 ecelesia.
1413 1251 1415 1258 ’

57 1368 132 1430 luter
162 1369 243 1432 viam
265 1367 392 1452 Appiam
421 1377 453 1433 et
482 1369 559 1434 riam
583 1367 756 1436 Ostiensem
778 1376 828 1432 est
848 1369 896 1432 via
918 1367 1160 1446 Ardeatina,
1197 1368 1249 1433 ubi
1282 1380 1353 1436 sunt

58 1471 170 1537 llarcus
194 1481 227 1538 et
248 1473 470 1542 Marcelliauus.
513 1473 552 1538 llt
573 1474 614 1536 ibi
635 1474 715 1536 iacet
737 1471 884 1546 Damasus
905 1473 986 1556 Papa
1007 1474 1042 1550 iu,
1072 1491 1130 1553 sua
1149 1474 1290 1552 ecclesia,
1321 1484 1353 1540 et

59 1595 111 1640 non
133 1577 229 1660 longe
252 1586 356 1644 sancta
376 1578 538 1660 Petronilla
561 1585 593 1640 et
613 1577 743 1648 Nereus
757 1573 792 1642 et‘
809 1575 968 1648 Achilleus
987 1585 1021 1641 et
1044 1576 1093 1642 alii
1115 1577 1228 1659 plures.

137 1681 326 1748 Duodecima
341 1691 427 1765 porta
451 1689 482 1746 et
497 1683 545 1746 via
568 1681 728 1746 Ostensa
741 1681 773 1767 ²)
797 1681 915 1757 dicitur,
937 1681 1029 1746 ruodo
1050 1689 1138 1764 porta
1160 1683 1255 1746 sancti
1269 1682 1353 1746 Pauli

60 1797 189 1865 vocatur,
213 1788 265 1868 qui
287 1788 371 1852 iuxta
394 1807 459 1850 mm
482 1787 649 1868 requiescit
670 1786 700 1850 in
722 1786 853 1850 ecclesia
877 1804 941 1852 sua.
977 1785 1152 1870 ibidemque
1175 1787 1352 1850 Timotheus

60 1891 173 1974 blartyr.
206 1900 238 1954 et
260 1910 321 1955 nou
344 1891 437 1976 longe
459 1893 490 1954 in
512 1884 643 1956 ecclesia
667 1899 791 1958 mactae
814 1891 925 1956 Teclae
946 1900 1019 1956 aaut
1040 1891 1190 1972 Martyres
1213 1891 1298 1956 Felix
1320 1900 1352 1956 et

29 2059 34 2068 k
60 1995 219 2060 dudactus
240 2003 270 2060 et
291 1995 461 2060 Nemesius.
505 1994 539 2058 ln
562 2013 640 2077 aqua
664 1993 808 2079 Saluiai)
839 2002 886 2059 est
917 2003 1008 2077 caput
1028 1995 1181 2060 Anastasii
1203 1994 1353 2077 llartyris.

138 2100 252 2164 Tertia
266 2099 381 2162 decima
403 2107 491 2182 porta
515 2099 759 2166 Portuensis
782 2099 889 2164 dicitur
913 2107 944 2164 et
966 2100 1025 2164 via.
1058 2099 1102 2164 lbi
1125 2117 1221 2182 prope
1244 2098 1274 2162 iu
1298 2119 1351 2162 ec-

62 2203 145 2266 clesia
168 2210 241 2268 sunt
257 2204 407 2286 Martyres
423 2202 539 2280 Foelix,
562 2203 747 2278 Alexander,
770 2203 881 2273 Abdon
905 2211 937 2268 et
951 2201 1087 2280 Sernes,
1102 2202 1246 2286 Symeon,
1267 2206 1353 2268 Ana-

63 2312 171 2388 stasius,
194 2310 312 2386 Polion,
336 2309 523 2386 Vincentius,
545 2309 635 2386 blilla,
659 2308 791 2372 Candida
815 2317 846 2372 et
867 2308 1065 2376 Innocentio⁶⁴
1277 2387 1281 2398 „

142 2414 258 2488 Quarta
274 2414 388 2478 decima
403 2421 490 2497 porta
514 2421 545 2477 et
568 2415 616 2476 uia
632 2412 816 2490 Aurelia,
840 2432 918 2494 quae
941 2411 1032 2476 modo
1055 2419 1142 2495 porta
1165 2413 1260 2477 sancti
1275 2411 1354 2475 Pan-

67 2520 142 2582 cratii
164 2520 293 2596 dicitur,
318 2518 397 2600 quod
421 2520 504 2585 iuxta
527 2537 593 2580 eam
615 2518 782 2600 requiescit
804 2517 834 2579 in
850 2534 904 2581 sua
921 2515 1061 2594 eeclesia,
1086 2524 1117 2580 ot
1132 2515 1180 2580 alii
1195 2516 1355 2600 Martyres,

67 2622 206 2702 Paulinus,
238 2623 423 2698 ArthemiuS,
453 2630 556 2686 sancta
579 2621 730 2704 Sapientia
761 2641 828 2684 cum
861 2621 957 2684 tribus
987 2621 1105 2686 filiabus
1127 2619 1211 2697 Fide,
1241 2621 1301 2704 Spe
1326 2629 1357 2684 et

67 2727 215 2792 Claritate.
241 2727 273 2790 ln
297 2727 392 2790 altera
412 2725 542 2790 ecclesia
557 2725 724 2790 Processus
737 2733 767 2789 et
778 2725 983 2802 Martiniauus,
1006 2726 1085 2788 etin
1108 2731 1198 2788 tertia
1215 2725 1355 2791 Foelices

68 2831 128 2908 duo,
150 2840 180 2896 et
210 2833 241 2894 in
265 2839 370 2912 quarta
383 2830 516 2894 calixtus
532 2838 562 2894 et
574 2829 813 2914 Calepodiust),
837 2839 868 2894 et
890 2831 919 2892 in
943 2831 1045 2912 quinta
1068 2838 1189 2894 sauctus
1201 2829 1357 2894 basilides.

140 2936 329 3000 Duodecimo
351 2935 430 2998 intra
459 2936 566 2998 urbem
590 2934 726 2997 milliario
740 2932 772 3018 ⁵)
805 2935 836 2996 in
868 2941 970 2999 monte
994 2933 1078 2997 Celio
1109 2943 1180 2998 sunt
1201 2934 1353 3017 llartyres

68 3040 181 3107 loannes
206 3049 239 3104 et
259 3039 369 3102 Paulus
391 3039 421 3101 iu
456 3057 509 3102 sua
540 3039 645 3120 domo,
685 3056 763 3121 quae
794 3037 874 3102 facta
906 3047 953 3102 est
983 3038 1113 3102 ecelesia
1145 3045 1216 3120 post
1249 3055 1355 3100 eorum

69 3148 248 3230 martyrium,
272 3153 303 3208 et
326 3143 477 3226 Crispinus
501 3151 532 3207 et
554 3142 769 3225 Crispiniauus,
793 3151 824 3207 et
847 3149 951 3207 sancta
973 3141 1146 3207 Benedicta.
1189 3141 1222 3205 ln
1245 3140 1354 3203 eodem

70 3259 158 3314 monte
182 3259 231 3314 est
253 3248 384 3314 ecclesia
407 3249 502 3312 sancti
524 3247 667 3330 Stephani
690 3248 931 3330 protomartyris,
962 3255 993 3310 et
1027 3246 1067 3308 ibi
1100 3244 1251 3309 reconditi
1284 3253 1356 3308 sunt

70 3353 207 3439 llartyres
229 3355 346 3419 Primus
369 3361 401 3417 et
422 3351 631 3428 Foelicianus,
653 3353 684 3414 in
713 3361 817 3416 monte
840 3352 992 3416 Auentino
1020 3359 1142 3416 sanctus
1164 3348 1356 3426 Bonelacius,

71 3467 96 3522 et
114 3462 141 3523 in
163 3468 266 3525 monte
289 3459 364 3522 Nola
374 3457 400 3541 ⁶)
423 3464 526 3521 sancta
549 3457 673 3521 Tabiana
695 3465 831 3539 pausant.

143 3565 224 3630 llaec
247 3572 317 3628 sunt
337 3564 470 3626 Romana
494 3563 675 3639 sanctuaria,
707 3562 784 3626 baec
817 3563 940 3626 suntin
972 3561 1064 3625 terris
1087 3560 1187 3626 diuina
1218 3560 1356 3644 pignora.

71 3676 97 3731 et
121 3677 217 3734 tamen
240 3671 320 3732 inter
349 3667 409 3731 hoc
437 3667 523 3749 quasi
558 3665 695 3732 coeleste
730 3668 967 3750 promptuarium
1001 3668 1108 3732 insano
1142 3665 1248 3730 lurore
1278 3683 1356 3748 gens

71 3773 143 3839 ebria
163 3785 234 3841 tunc
258 3794 326 3838 oum
348 3773 418 3837 illuc
440 3773 597 3856 peregrini
619 3781 779 3850 venerunt,
804 3773 897 3838 foedo
920 3775 1033 3838 ambitu
1063 3773 1164 3838 omnia
1195 3772 1357 3836 turbabant

72 3886 97 3941 et
115 3899 199 3965 supra
221 3882 288 3964 ipsa
309 3885 483 3944 sauctorum
506 3895 635 3960 corpora
659 3877 777 3942 ciuilem
809 3877 942 3942 libabant
969 3879 1159 3963 sauguinem,
1194 3877 1264 3942 dum
1294 3895 1355 3941 non

74 3995 185 4062 possent
207 3986 320 4050 satiare
341 3983 538 4065 pecuniarum
559 3981 722 4047 libidinem.

133 4160 158 4227 ι)
175 4167 212 4218 at.
229 4161 390 4214 Policamus.
496 4156 739 4226 maceramus.
845 4158 873 4224 3)
890 4160 940 4210 lld.
959 4157 1059 4211 Salina
1163 4155 1195 4226 4]
1214 4159 1263 4209 Ed.
1282 4159 1357 4209 (late-

76 4247 163 4311 podius.
268 4246 295 4314 b)
319 4249 402 4300 scrib.
421 4244 550 4300 Basilides
576 4245 730 4298 duodecimo
754 4245 878 4298 miliario.
913 4249 985 4298 Intra
1002 4247 1092 4298 urbem
1109 4247 1138 4296 in
1154 4250 1251 4298 moute.
1285 4245 1357 4296 Hace

74 4333 188 4392 uriodtaa
204 4338 351 4388 receatiiorc
369 4349 420 4386 ease
437 4340 553 4400 oppmet.
630 4331 660 4399 d)
685 4333 776 4384 Utrum
792 4332 862 4384 malo
881 4350 917 4384 cn
935 4332 1006 4386 mola
1022 4335 1189 4385 reddendam
1204 4333 1245 4397 rit,
1263 4331 1355 4383 nanim

76 4419 109 4470 ld
121 4431 226 4476 manum
240 4428 329 4476 molae
345 4427 422 4474 altam
432 4420 519 4486 falsae
537 4421 630 4473 dicuat
655 4423 790 4472 ecclesiam
807 4420 834 4475 S.
855 4423 976 4486 Tbomce,
1003 4423 1039 4484 qs.
1061 4420 1204 4474 Hartinelli
1222 4421 1306 4470 Romo
1323 4434 1355 4468 ec

77 4507 131 4558 eldaa
148 4528 221 4563 saera
244 4529 270 4578 p.
290 4514 355 4564 404.
381 4511 506 4574 ,Mentem
527 4508 628 4576 gaudii,
655 4509 701 4573 qui
727 4512 754 4558 et
776 4524 852 4560 mona
877 4508 962 4562 malus
980 4509 1084 4562 diattur‘
1110 4515 1221 4564 montem
1239 4506 1355 4558 Martum

73 4599 192 4658 mpetum
209 4614 275 4651 ann.
294 4601 369 4652 Rom.
388 4615 430 4664 ap.
449 4599 525 4648 Perta
543 4599 588 4650 SS.
614 4595 642 4648 V.
656 4611 687 4660 p.
705 4597 763 4648 474.

604 4695 810 4714 bunt—unnu—-q
