3160 5176
186 391 230 456 ω
714 381 857 448 tuamne
874 384 963 447 urob.

273 583 403 649 laudem.
446 585 610 650 Prosiliena
632 602 689 666 per
711 585 867 666 parionem
882 585 963 650 inter
978 603 1080 648 arcum
1093 583 1259 648 Alexandri
1283 591 1314 649 et
1336 585 1492 649 theatrum

273 688 408 772 Pompeii
419 690 577 755 descendit
592 709 648 772 per
661 690 809 773 porticum
821 688 1030 772 Agrippinum,
1048 687 1184 753 ascendit
1199 697 1255 772 per
1269 690 1390 771 pineam
1406 689 1494 753 iuxta

272 793 437 876 palacinam
452 793 614 877 prosiliens
630 801 699 858 ante
712 793 742 860 S.
752 793 895 858 llaroum.
918 793 1057 858 ascendit·
1069 795 1127 860 aub
1141 813 1215 858 arcu
1231 811 1339 858 manus
1355 813 1493 858 carneae

276 917 332 980 per
347 898 466 962 clivium
483 899 689 984 argentarium
703 898 787 962 iuxta
802 897 929 962 insulam
953 899 1090 964 eiusdem
1105 901 1233 963 nominis
1249 908 1280 964 et
1297 897 1492 981 Capitolium.

211 1001 231 1064 5
277 1003 435 1066 descendit
456 1011 526 1066 ante
548 1004 695 1086 privatam
718 1001 897 1078 Mamertini,
924 1003 1015 1080 intrat
1038 1005 1094 1068 sub
1118 1023 1191 1067 arcu
1213 1003 1384 1085 triumphali
1406 1004 1495 1066 inter

273 1106 417 1190 templum
433 1105 525 1171 latale
538 1115 568 1171 et
584 1105 726 1190 templum
740 1107 920 1186 Concordie,
937 1103 1141 1193 progrediens
1156 1109 1239 1172 iuxta
1253 1108 1352 1172 lorum
1364 1107 1492 1170 l'raiani

185 1231 186 1236 ¹
272 1219 304 1275 et
319 1210 418 1276 lorum
431 1209 571 1276 Caesaris
586 1211 736 1278 subintrat
751 1231 854 1276 arcum
868 1231 964 1277 nerue
979 1213 1058 1276 inter
1073 1212 1216 1295 templum
1231 1211 1367 1278 eiusdem
1384 1212 1447 1278 dee
1461 1219 1493 1274 et

271 1333 415 1416 templum
437 1334 514 1413 Jani.
544 1334 681 1398 ascendit
704 1342 774 1399 ωηο
797 1333 912 1399 asilium
936 1354 991 1416 per
1013 1333 1140 1412 silicem,
1173 1335 1225 1398 ubi
1255 1333 1364 1397 cecidit
1396 1319 1493 1415 Syme

271 1458 378 1524 magus
401 1441 483 1503 iuxta
516 1439 660 1522 templum
684 1437 812 1503 Romuli.
848 1441 950 1524 pergit
980 1440 1037 1502 sub
1070 1459 1143 1504 arcu
1178 1437 1349 1520 triumphali
1372 1438 1435 1501 Titi
1459 1446 1494 1501 et

105 1597 106 1604 ,
187 1545 230 1610 10
273 1537 451 1627 Vespasiani
489 1547 547 1626 qui
569 1553 698 1608 uocatur
731 1553 848 1626 septem
885 1544 1087 1608 lucernarum.
1119 1543 1277 1632 descendit
1305 1542 1344 1605 ad
1375 1550 1491 1605 metam

249 1651 430 1717 laudantem
453 1657 523 1713 ante
546 1648 756 1732 triumphalem
779 1667 881 1716 arcum
905 1647 1103 1712 Constantini.
1129 1644 1281 1712 reclinans
1304 1666 1395 1710 manu
1419 1647 1491 1712 leva

270 1764 340 1821 ante
363 1743 613 1836 amphitheatrum
635 1773 691 1836 per
712 1772 829 1818 sacram
851 1753 929 1816 viam
959 1753 1043 1816 iuxta
1066 1751 1228 1817 Coloseum
1248 1752 1430 1816 revertitur
1454 1753 1492 1815 ad

272 1859 465 1946 Lateranum.

314 1997 357 2066 lb.
385 1995 457 2065 141.
479 1997 532 2062 48.
577 1997 687 2088 linita
703 1997 793 2062 missa
825 2004 990 2062 coronator
1020 2004 1050 2060 et
1081 2014 1149 2060 cnm
1178 1995 1377 2078 processione
1409 1995 1492 2058 redit

185 2099 226 2165 lb
271 2101 308 2167 ad
327 2103 470 2186 palatium
492 2123 548 2188 per
570 2111 703 2168 montem
726 2101 928 2186 Esquilinum.
959 2101 1074 2164 intrans
1097 2099 1153 2165 sub
1184 2119 1268 2178 arcu,
1302 2099 1490 2164 ubidicitur

269 2226 427 2292 macellum
449 2209 585 2305 Liuiano,
619 2225 816 2311 progreditur
846 2233 916 2289 ante
948 2211 1096 2308 templum
1114 2221 1210 2300 Marii,
1249 2221 1329 2305 quod
1359 2230 1491 2286 vocatur

271 2332 433 2409 Cimbrum,
485 2323 635 2396 transiens
676 2349 732 2416 per
764 2330 950 2395 Merulanam
992 2329 1127 2394 ascendit
1165 2328 1202 2392 ad
1232 2327 1372 2410 palatium
1405 2329 1492 2392 iuxta

269 2427 434 2504 lullon'iam.
478 2429 511 2500 ln
533 2438 658 2510 introitu
680 2435 822 2500 basilicae
845 2433 1007 2499 Zachariae
1030 2453 1125 2518 papae
1149 2434 1282 2516 acceptis
1304 2431 1451 2496 laudibus
1474 2451 1490 2494 a

270 2539 542 2604 cardinalibus-
566 2539 724 2606 descendit
746 2540 785 2603 de
808 2559 899 2622 equo.

183 2681 226 2746 20
314 2682 356 2746 lb.
378 2700 407 2763 p.
426 2681 497 2746 125.
520 2700 549 2764 n.
566 2678 618 2748 16.
640 2679 729 2745 blane
752 2679 822 2744 dioit
846 2681 967 2746 missam
990 2679 1026 2743 ad
1050 2698 1074 2743 s.
1097 2678 1297 2755 Anastasiam,
1321 2697 1380 2759 qua
1406 2679 1490 2740 linita

269 2786 427 2860 descendit
449 2805 517 2850 eum
540 2786 739 2876 processione
762 2804 818 2870 per
840 2786 919 2848 viam
941 2786 1025 2848 iuxta
1049 2784 1198 2867 porticum
1214 2782 1395 2866 gallatorum
1419 2791 1491 2846 ante

273 2889 415 2976 templum
438 2888 525 2956 sibile
547 2897 579 2954 et
606 2889 688 2954 iuxta
721 2889 866 2972 templum
890 2888 1045 2954 Ciceronis
1078 2896 1108 2952 et
1138 2887 1287 2968 porticum
1322 2887 1490 2963 crinorum,

218 3061 220 3068 ,
270 3002 301 3060 et
323 2995 523 3081 progrediens
552 2995 631 3076 inter
654 2993 808 3058 basilicam
829 2993 909 3058 lovis
944 2999 974 3056 et
998 2993 1112 3056 circum
1133 2989 1336 3068 Flamineum3
1375 2990 1490 3054 deinde

263 3097 352 3182 ¹vadit
373 3101 456 3164 iuxta
480 3099 628 3184 porticum
650 3098 849 3166 Severianum
880 3104 912 3162 at
941 3097 1095 3162 transiens
1125 3102 1195 3158 ante
1227 3094 1371 3178 templum
1395 3096 1489 3160 orati·

181 3202 223 3268 25
272 3203 341 3269 oule
364 3212 486 3270 etanta
502 3203 636 3286 ‚insulam
657 3203 820 3269 militenam
837 3198 883 3266 'et
906 3202 1162 3282 draconariorum,
1194 3207 1225 3266 et
1247 3200 1368 3268 sinistra
1397 3219 1491 3264 manu

268 3309 429 3374 descendit
451 3309 489 3372 ad
511 3309 656 3374 maiorem
672 3309 750 3372 viam
766 3307 901 3386 arenula,
925 3308 1075 3372 transiens
1098 3324 1153 3388 per
1173 3289 1324 3390 theatrum
1337 3305 1488 3370 Antonini

269 3421 301 3478 et
322 3432 378 3496 per
404 3412 544 3496 palatium
567 3413 721 3492 Cromatii,
743 3401 794 3476 ubi
817 3410 873 3476 luit
896 3411 1074 3476 oloviueum
1105 3419 1137 3474 et
1166 3409 1222 3474 sub
1255 3428 1328 3474 arcu
1351 3407 1489 3477 Gratiani

269 3517 433 3584 Theodosii
456 3524 488 3580 et
499 3515 699 3582 Valentiniani
714 3516 936 3598 Imperatorum*
955 3523 987 3580 et
1008 3516 1123 3580 intrans
1145 3533 1201 3596 per
1223 3521 1347 3606 pontem
1358 3512 1488 3578 Adriani

267 3635 340 3691 ante
363 3615 507 3706 templum
529 3623 596 3688 eius
629 3629 661 3686 et
682 3622 767 3688 iuxta
796 3620 961 3686 obeliscum
984 3620 1115 3684 Neronis
1148 3627 1179 3682 et
1209 3625 1278 3682 ante
1308 3619 1487 3682 memoriam

249 3940 274 3996 Β.
300 3937 451 4008 agripinam
473 3940 498 3990 A
514 3939 672 4006 Agripinam
707 3937 738 4008 (a.
763 3939 864 3991 Mariae
890 3938 1019 3990 rotundae
1048 3936 1188 3990 Pantheon
1217 3936 1280 3986 add.
1305 3933 1340 3986 at.
1359 3932 1431 4000 cod.)
1458 3924 1484 3982 Β

250 4024 276 4080 3.
294 4023 448 4079 Palatinam
466 4031 497 4082 Β.
513 4053 549 4068 -—
566 4043 651 4080 caneo
667 4025 699 4078 Α.
804 4032 831 4078 l.
856 4025 928 4076 inter
944 4023 1057 4076 insolam
1075 4021 1109 4076 B.
1214 4023 1238 4074 6.
1256 4018 1432 4072 interiorum
1451 4019 1483 4069 Β.

186 4153 195 4166 .
251 4120 277 4170 i.
294 4115 408 4167 Noniae
425 4112 457 4166 Β.
510 4117 514 4122 ’
571 4113 596 4168 8.
614 4113 719 4179 asylum
736 4110 762 4162 Β
781 4139 811 4152 ·-·
833 4111 923 4164 Simon
941 4110 974 4162 Β.
1044 4113 1087 4163 11.
1105 4111 1140 4163 ad
1156 4115 1190 4161 tr.
1207 4107 1240 4160 Β.
1331 4112 1373 4160 11.
1391 4113 1421 4158 et
1440 4122 1485 4175 per

180 4201 379 4257 matema-
397 4198 613 4272 (altiolliseum)
631 4199 665 4253 Β.
753 4201 794 4250 14.
812 4198 859 4266 (ccl
876 4202 904 4252 Β.
925 4199 1041 4250 Martum
1053 4195 1200 4262 amtorem.)
1281 4196 1322 4246 15.
1341 4210 1436 4246 arcum
1447 4193 1482 4244 Β.

184 4273 192 4286 “
251 4290 292 4340 ιο.
320 4289 464 4360 naamam
499 4287 548 4360 (az.
565 4283 728 4354 umanum)
746 4287 772 4338 e
798 4309 833 4326 -·
853 4287 931 4338 mais
957 4287 990 4340 n.
1104 4288 1145 4338 aa.
1172 4279 1380 4350 (caesanam.)

186 4401 189 4414 ··
250 4378 293 4430 21.
318 4376 474 4430 Galatarum
497 4374 530 4428 Β.
620 4378 664 4427 22.
682 4373 802 4440 Sibyllae
819 4377 842 4426 Β
858 4397 894 4416 ··-
911 4374 981 4426 inter
997 4373 1088 4438 templ.
1105 4369 1132 4436 Β
1149 4397 1182 4409 ·-
1201 4369 1339 4420 Cimonem
1358 4368 1407 4436 [al.
1433 4367 1487 4420 crt-

177 4461 285 4528 norum)
304 4459 339 4516 Β.
427 4468 469 4516 2³.
487 4479 575 4516 arcum
593 4464 626 4516 Β.
731 4465 775 4514 24.
795 4462 951 4515 Severinum
969 4457 1003 4511 Β.
1025 4480 1028 4490 =
1081 4461 1136 4510 ab.
1164 4455 1315 4508 Milinanam
1331 4481 1369 4495 ·-
1387 4455 1486 4522 drago

181 4566 315 4620 narlorum
339 4567 363 4615 Β
381 4563 544 4632 (draconarii
561 4572 793 4618 commonerentur
810 4581 831 4617 ο.
850 4562 892 4631 22)
911 4561 993 4614 -aio
1009 4561 1118 4620 sinistra
1135 4562 1169 4615 B.
1249 4561 1293 4612 26.
1312 4545 1434 4612 mamaea]
1450 4560 1482 4610 A.
1578 4583 1579 4588 κ

249 4657 293 4711 il.
309 4653 494 4710 holomitreum
519 4651 564 4722 (ul.
582 4653 750 4722 oloritreum)
769 4654 800 4710 B.
880 4654 1113 4708 immersionem
1131 4649 1164 4705 A.
