3160 5176
497 319 942 394 onumen-ennam-
1057 292 1060 298 ’
1307 317 1368 387 ιιι

158 497 241 581 quod
263 505 363 564 totum
385 497 528 567 mundum
543 499 609 566 ¹silui
630 498 828 564 ιιιιιιιιιιιιιιι·
844 496 965 562 lacent
986 497 1131 581 dimicat
1152 497 1227 564 eit'o
1242 495 1371 562 adorare

159 603 388 684 routmuazquia
401 602 503 668 datas
520 612 571 667 est
591 604 622 666 ιιι
638 612 691 668 te:
701 603 760 678 uui
776 621 912 678 renuens
924 603 1065 668 inducias
1084 602 1262 686 pciaulmiu
1277 609 1312 666 *et
1334 601 1371 664 ml

160 725 196 774 so
219 706 357 791 sibyllam
379 707 553 774 tiburtinam
568 725 712 785 evocans,
738 725 775 772 ea
801 727 865 800 que
878 707 1193 780 ecmmraetdixc'rmt
1224 707 1373 773 recitavit.

159 811 228 886 Oue
263 811 393 896 spatum
423 811 514 876 trium
550 810 670 876 ὤπυιε
702 803 815 894 petiit.¹
839 811 872 876 la
909 813 1025 894 troilus
1054 813 1175 890 ieiuniis
1207 820 1243 877 et
1260 808 1372 908 uigiliis

97 934 115 996 5
158 947 272 996 vacans
294 933 385 996 tertio
409 930 458 995 die
481 931 754 1018 dixitlmperatori.
777 933 836 996 hoc
858 951 913 1015 pro
937 941 1023 997 certo
1047 935 1106 998 erit
1128 919 1192 1008 (lna
1204 933 1373 1016 Imperator

161 1037 244 1121 quod
266 1037 320 1103 libi
342 1037 499 1102 vaticinor.
545 1036 644 1102 luctui
666 1037 901 1121 sigamtcllue
922 1037 1036 1102 mucre
1059 1035 1223 1104 madescet.
1257 1035 1281 1099 ll
1304 1037 1372 1100 celo

158 1161 219 1206 rex
249 1139 390 1226 adueniat
412 1159 469 1224 per
490 1139 573 1206 secla
595 1141 716 1208 iuturus
739 1149 771 1206 el
793 1150 898 1206 cetera
922 1161 982 1224 quc
997 1149 1153 1208 secunur.
1175 1141 1280 1222 ltaque
1303 1139 1373 1202 <lum

160 1245 347 1312 Octavianus
369 1245 496 1312 sibillam
520 1246 665 1312 attentius
688 1246 816 1312 audiret.
849 1246 919 1310 ilico
955 1254 1094 1329 apertum
1127 1253 1175 1314 est
1207 1244 1305 1310 celum
1339 1253 1371 1308 et

162 1349 310 1432 splendor
331 1349 530 1417 intolerabilis
553 1350 668 1414 corruit
691 1341 785 1433 super
808 1369 887 1420 eum.
924 1350 963 1424 Et
985 1350 1111 1420 viditiu
1127 1348 1202 1421 iccio
1225 1349 1373 1428 uirginem

82 1453 120 1520 lo
162 1453 375 1519 inestimabilis
393 1453 605 1536 pulcritudinis
628 1463 759 1520 stantem
782 1473 875 1538 super
898 1454 992 1519 altare
1015 1462 1171 1520 tenentem
1194 1453 1374 1537 puerumin

159 1557 304 1634 brachiis,
327 1565 358 1624 et
380 1561 505 1624 miratus
529 1567 577 1623 est
599 1560 687 1626 nimis
709 1577 881 1642 vocemque
913 1559 952 1624 da
975 1558 1043 1622 celo
1066 1558 1180 1629 audivit
1212 1557 1374 1622 dicentem.

159 1661 221 1724 hec
258 1662 347 1745 virgo
385 1670 569 1746 conceptura
605 1673 653 1730 eet
686 1659 870 1732 salvatorem
903 1662 1015 1730 mundi.
1058 1661 1252 1744 Rursumque
1286 1660 1375 1752 aliam

160 1784 272 1832 vocem
300 1766 338 1829 de
362 1766 429 1832 celo
453 1765 573 1832 audiuit.
597 1767 654 1830 hcc
677 1784 728 1832 ara
750 1767 803 1832 olii
833 1767 882 1832 dei
914 1777 962 1837 cst
1013 1767 1052 1832 Et
1084 1767 1185 1834 statim
1213 1766 1375 1853 procidens

160 1873 191 1934 in
223 1880 337 1934 terram
375 1870 522 1936 adoravit.
567 1873 662 1952 Quam
697 1871 846 1936 visionem
884 1870 953 1946 dum
990 1872 1202 1946 senatoribus
1220 1871 1377 1938 retulisset

82 1991 118 2056 lo
162 1995 264 2057 mirati
283 2001 353 2063 sunt
370 1994 467 2056 nimis.
489 1993 557 2056 Alia
572 2011 648 2058 uero
668 1992 717 2056 die
733 1993 802 2058 dum
817 1992 945 2075 populus
968 1979 1057 2061 ulain
1080 1991 1162 2058 illum
1184 2009 1297 2058 uocare
1320 1992 1377 2056 ‹le-

162 2117 312 2182 crevisset
342 2115 441 2180 statim
472 2135 561 2180 manu
592 2123 623 2180 et
645 2115 732 2180 vultu
768 2109 924 2198 repressit.
953 2115 1018 2180 Nec
1041 2115 1131 2182 ctiam
1153 2135 1177 2192 a,
1191 2115 1262 2180 ¹srliis
1286 2099 1376 2178 dnum

162 2241 198 2286 se
223 2221 367 2306 appellari
389 2221 525 2304 permisit
547 2221 668 2286 dicens:
761 2273 763 2280 .

277 2325 351 2390 orn
371 2327 429 2392 aim
454 2325 588 2392 mortalis
612 2325 764 2390 dominum
785 2342 834 2388 me
857 2323 961 2390 dicero
984 2322 1065 2392 nolo.

213 2464 285 2530 21.
328 2464 408 2529 Ante
431 2464 772 2562 priuatammamertini
794 2459 938 2546 templum
968 2462 1073 2527 martis
1105 2463 1157 2526 ubi
1189 2479 1269 2526 nunc
1297 2461 1378 2526 iacet

83 2585 122 2648 20
163 2586 357 2651 simulacrum
381 2587 456 2652 elus.
501 2584 557 2648 Ubi
581 2595 629 2652 est
652 2572 705 2650 sm
727 2585 852 2648 martina
874 2584 1018 2667 templum
1042 2581 1144 2651 fatale.
1168 2584 1205 2648 ad
1226 2602 1254 2653 ε.
1276 2574 1378 2648 adria-

162 2711 237 2756 num
258 2690 402 2772 templum
426 2687 549 2774 refugii.
573 2689 611 2757 ad
634 2708 659 2756 s.
682 2691 819 2774 sergium
841 2690 984 2772 templum
1007 2689 1181 2756 concordie.
1224 2689 1258 2752 ln
1285 2705 1378 2752 cana·

162 2815 237 2878 para
259 2794 402 2878 templum
426 2793 540 2858 cereris
565 2803 597 2858 ct
620 2793 747 2858 telluris.
791 2793 936 2866 Palatium
959 2794 1081 2858 catilina
1104 2793 1156 2858 ubi
1178 2801 1226 2866 est
1248 2793 1377 2871 ecclesa

163 2918 187 2964 s.
211 2900 356 2962 antonini.
400 2897 485 2962 quta
517 2918 605 2982 quam
643 2905 691 2962 cst
718 2898 805 2964 locu's
836 2899 887 2980 qui
918 2897 1027 2962 dicitur
1056 2895 1199 2967 infernus}
1224 2916 1262 2962 eo
1296 2899 1378 2980 quod

164 2998 289 3086 antiquo
312 3011 451 3086 tempore
473 3001 514 3066 ibi
530 3003 688 3068 eructabat
710 3011 742 3066 et
764 3023 903 3086 magnam
926 3003 1085 3084 pernitiem
1107 3021 1193 3066 roma
1216 3001 1378 3070 inferebat.

84 3107 120 3169 25
164 3107 223 3172 Ubi
246 3126 366 3172 marcus
390 3107 511 3170 caroius
544 3115 578 3170 ιιι
610 3103 756 3171 liberaret
793 3107 945 3171 civitatem
974 3101 1125 3196 responso
1148 3124 1314 3173 suorum.

164 3220 298 3276 armatus
321 3212 451 3296 projecit
474 3229 518 3276 se
563 3211 612 3277 Sic
635 3211 741 3275 ciuitas
764 3211 891 3274 liberata
915 3219 971 3277 est.
993 3209 1038 3273 lbi
1061 3217 1109 3275 est
1130 3197 1274 3336 templum
1290 3217 1378 3276 veste

164 3317 218 3380 ubi
241 3314 350 3380 dicitur
372 3311 500 3380 inlerius
517 3313 608 3378 draco
632 3315 754 3380 cubare.

235 3437 288 3504 22
331 3437 365 3500 ln
389 3438 473 3504 eccla
496 3435 521 3502 si
550 3438 676 3501 comatis
707 3445 755 3502 est
777 3437 921 3520 templum
945 3435 1059 3505 asilum
1104 3436 1197 3501 Retro
1221 3411 1278 3502 luit
1299 3444 1378 3500 tem

165 3559 246 3642 plum
268 3560 351 3656 pacis
375 3568 406 3624 et
428 3559 542 3624 latone
585 3559 731 3642 Superius
763 3559 907 3644 templum
930 3559 1046 3624 romuli.
1069 3568 1139 3642 post
1168 3528 1232 3627 sam
1254 3559 1378 3622 Mariam

85 3659 123 3725 30
165 3683 276 3728 novam
292 3663 436 3744 templum
450 3663 614 3737 concordie
628 3669 659 3726 et
670 3663 789 3748 pietatis
800 3663 997 3730 cartularium
1012 3663 1081 3728 ideo
1098 3663 1207 3730 dicitur
1223 3663 1304 3748 quod
1321 3661 1381 3728 iuit

166 3767 349 3831 bibliotheca
374 3766 490 3854 publica
506 3785 545 3830 ex
562 3761 671 3850 quibus
686 3764 807 3832 XXlllll
822 3767 976 3835 fuerunt
967 3787 997 3830 m
1012 3767 1104 3834 Urbe
1127 3770 1208 3832 Ante
1224 3767 1380 3856 coloseum

167 3871 310 3972 templum
333 3871 407 3936 solis
429 3871 480 3935 ubi
504 3869 617 3936 fiebant
640 3872 805 3935 cerimonia
821 3871 981 3936 simulacro
999 3873 1081 3954 quod
1103 3871 1203 3936 stabat
1224 3850 1379 3957 infastigio

167 3957 302 4041 colosaei
322 3975 468 4040 habens
460 3994 491 4038 m
514 3977 613 4058 capite
637 3994 780 4041 coronam
804 3995 927 4042 auream
954 3973 1082 4060 gemmis
1109 3983 1255 4070 ornatam,
1293 3979 1380 4044 cuius

168 4089 258 4163 caput
280 4087 311 4144 et
333 4099 439 4146 manus
461 4099 542 4145 nunc
564 4089 635 4145 sunt
657 4087 726 4145 ante
749 4085 926 4146 lateranum.
950 4078 1148 4164 Septipolium
1164 4059 1219 4146 luit
1234 4071 1378 4166 templum
1405 4150 1407 4154 .

89 4199 126 4265 35
169 4203 242 4269 solis
277 4211 308 4268 at
337 4202 420 4286 luna.
465 4187 523 4268 Sca
552 4201 670 4267 balbina
700 4205 732 4267 in
769 4203 900 4270 albiston
934 4203 991 4270 luit
1026 4205 1230 4303 mutatoriumn
1252 4203 1378 4270 cesaris.

153 4449 318 4504 &sibillam
412 4451 439 4502 8
456 4450 548 4504 audiri
565 4449 673 4519 (sloJP
649 4449 807 4506 Pondirlt
826 4451 875 4507 0.·
952 4453 995 4506 1³.
1011 4450 1086 4504 ouis
1092 4451 1140 4504 ιιι.
1209 4449 1254 4503 24.
1271 4445 1380 4563 solorra.

152 4539 382 4595 ibroiraruuosl.
503 4538 912 4597 lowseatelounnttcm.
1009 4541 1054 4592 80.
1066 4534 1334 4606 conminuta·

91 4625 128 4674 il.
144 4624 324 4678 colossum-
291 4624 496 4680 -oeramoua
578 4628 646 4678 ιιι
660 4621 843 4695 Bcptlmlim
966 4645 969 4654 ¹
994 4643 997 4651 ⁴
1245 4661 1249 4668 ⁴
1272 4659 1274 4666 ι
1350 4641 1370 4664 ·-·
