3160 5176
120 383 163 448 83
645 380 787 434 Itinerarle
804 379 894 436 Urblu.

121 561 228 608 eorum
240 541 353 606 llilaria
370 549 401 605 et
417 539 466 606 alii
479 537 726 604 innumerabiles.
748 537 787 602 llt
801 539 832 601 in
848 539 943 604 altera
959 540 1081 606 basilica
1096 551 1220 610 sanctus
1235 545 1417 624 Alexander,

124 645 238 723 Vitatis,
261 645 429 724 Martialis,
446 644 498 710 otii
520 649 651 708 sanctae.
665 643 858 710 loclicilatis.
903 643 941 709 llt
963 655 1086 712 mucce
1110 647 1139 711 7.
1169 651 1307 736 virgines
1330 652 1417 718 Satu-

121 753 198 829 rina,
220 750 363 828 Hilurica,
387 746 590 834 Drinanda1),
612 748 791 832 Repentina,
814 749 965 825 scrotina,
987 746 1119 834 Paulina,
1142 753 1269 820 Donata.
1302 755 1418 820 Deinde

123 842 246 923 basilica
269 858 366 922 sancti
387 855 537 932 siluestri,
570 854 622 919 ubi
643 854 727 920 iacet
748 871 919 918 mamerco
942 857 1056 924 tumulo
1080 867 1254 941 coopertus,
1289 870 1320 926 et
1334 863 1418 926 Mar.

120 969 206 1045 tyres
229 961 410 1038 Celestious,
440 959 590 1041 Philippus
620 965 652 1021 et
674 957 791 1034 Foelix,
822 966 854 1021 et
882 958 992 1022 ibidem
1014 960 1165 1042 Martyres
1194 964 1268 1032 365.
1302 969 1333 1030 in
1355 987 1416 1032 vno

121 1066 283 1148 sepulchro
297 1052 520 1148 ¹requiescunt;
543 1071 575 1127 et
596 1079 695 1145 prope
717 1061 836 1140 Paulus,
860 1061 1105 1143 crescentianus,
1136 1067 1237 1134 Prisca
1260 1080 1292 1136 ct
1313 1073 1418 1140 Semc-

121 1173 208 1249 trius,
230 1169 424 1255 Praxides2),
446 1169 622 1235 Potentiam
645 1177 782 1250 pausant.

210 1276 318 1351 Quinta
341 1275 710 1359 portaNumentana.
757 1273 801 1340 lbl
831 1282 953 1338 sanctus
976 1275 1157 1343 Nicomedes
1193 1281 1356 1364 presbyter
1390 1293 1420 1348 ct

124 1382 247 1464 Martyr.
269 1382 404 1462 itemque
426 1380 475 1442 via
499 1378 607 1442 codem
642 1377 735 1440 ruodo
764 1377 882 1442 dicitur.
915 1378 1000 1444 luxta
1032 1383 1110 1445 viam
1144 1391 1269 1448 sanctae
1291 1387 1420 1470 Agnetis
1461 1463 1465 1470 ⁸

128 1495 160 1550 et
182 1484 311 1550 ecclesia
336 1491 367 1546 et
389 1500 510 1566 corpus,
532 1483 563 1544 in
586 1480 681 1546 altera
704 1480 836 1548 ecclesia
858 1491 962 1548 sancte
978 1484 1195 1552 Emerenciaoa
1218 1497 1249 1552 et
1271 1489 1420 1571 Martyres

122 1589 308 1670 Alexander,
346 1587 462 1663 Foelix,
500 1587 616 1668 Papias,
653 1588 684 1650 in
714 1588 842 1670 septimo
872 1588 1009 1653 milliario
1041 1592 1176 1657 eiusdem
1207 1595 1274 1657 viae
1298 1603 1420 1660 sanctus

123 1696 201 1778 Papa
223 1693 400 1758 Alexander
422 1711 490 1756 curn
512 1691 643 1754 Euentio
666 1701 698 1755 et
719 1691 877 1756 'lbeodolo
900 1703 1036 1775 pausant.

210 1797 302 1863 Sexta
317 1805 404 1881 porta
429 1804 461 1860 et
474 1795 523 1860 vie
538 1796 770 1875 Tiburtina,
794 1815 872 1879 quae
895 1797 985 1862 modo
1009 1799 1119 1864 dicitur
1140 1801 1417 1885 sanctiLaurentii;

121 1905 205 1970 iuxta
227 1902 305 1966 banc
327 1903 406 1965 viam
428 1902 508 1964 iacet
529 1907 651 1965 sanctus
674 1900 856 1966 Laurentius
878 1901 909 1965 in
932 1921 985 1966 sua
1010 1903 1140 1970 ecclesia
1169 1913 1200 1970 et
1222 1905 1418 1972 llabundinus

124 2015 247 2091 martyr.
276 2007 329 2070 :Et
355 2006 397 2069 ibi
426 2023 522 2088 prope
550 2006 580 2067 in
611 2003 706 2070 altera
736 2005 866 2070 ecclesia
889 2015 1016 2089 pausant
1043 2007 1073 2071 bi
1095 2007 1255 2093 Martyres,
1294 2011 1420 2089 didace,

121 2113 284 2190 Romanus,
307 2109 716 2200 lustinusdrescentianus.
762 2109 800 2173 Et
823 2109 863 2173 ibi
890 2129 952 2174 uon
974 2111 1068 2196 longe
1090 2113 1214 2177 basilica
1229 2115 1420 2197 sanctillyp-

125 2218 218 2299 politi,
241 2217 293 2280 ubi
314 2217 381 2300 ipsc
404 2235 472 2282 curu
494 2214 606 2281 familia
628 2231 684 2278 sua
714 2223 831 2296 pausat,
858 2215 888 2278 id
919 2225 976 2280 est
996 2215 1101 2280 decem
1133 2226 1164 2281 et
1194 2225 1275 2285 octo.
1316 2217 1359 2282 ⁴lit
1380 2219 1421 2283 ibi

122 2320 319 2402 requiescunt
341 2323 429 2386 beata
452 2320 588 2394 Trilonia
597 2317 627 2402 ³)
649 2337 728 2382 uxor
750 2319 836 2382 Decii
860 2325 891 2384 et
914 2319 973 2383 lilia
997 2321 1064 2384 eius
1078 2321 1181 2385 Girilla
1204 2331 1236 2386 et
1251 2322 1420 2390 Concordia

124 2424 227 2489 nutrix
248 2425 325 2490 eius.
363 2425 452 2489 litio
475 2425 569 2490 altera
592 2431 678 2506 parte
701 2423 769 2488 viae
792 2424 858 2487 eius
882 2431 930 2487 est
951 2424 1081 2498 ecelesia
1104 2425 1247 2509 Agapitlri
1270 2427 1421 2510 Martyris.

212 2527 343 2610 Septima
358 2535 446 2611 portu
461 2527 551 2598 modo
567 2525 689 2592 Maior
712 2525 830 2604 dicitur,
853 2526 923 2590 olim
946 2527 1234 2613 Seracusanalj
1257 2529 1422 2607 dicebatur,

127 2641 158 2696 et
180 2637 229 2698 via
244 2632 445 2696 Lauicano
460 2631 580 2712 dicitur,
604 2649 683 2712 quae
698 2631 736 2695 ad
751 2632 871 2694 beatam
882 2630 1026 2696 llelenam
1042 2632 1145 2696 tendit.
1168 2632 1210 2696 lbi
1234 2642 1305 2697 sunt
1328 2633 1423 2717 prope

127 2737 247 2814 Petrus,
269 2736 472 2814 Marcellinus,
495 2735 671 2818 'tyburtius
695 2733 848 2814 Geminus,
872 2735 1056 2821 Gorgonius,
1080 2745 1111 2801 et
1134 2735 1334 2820 quadraginta
1365 2740 1421 2801 mi-

125 2841 206 2920 lites,
230 2849 262 2904 et
284 2840 333 2906 alii
356 2839 603 2904 innumerabiles:
628 2847 659 2903 et
683 2858 742 2904 non
765 2839 859 2924 longe
883 2842 978 2906 sancti
1002 2850 1132 2924 quatuor
1155 2841 1305 2908 coronati.

218 2945 334 3010 Octava
356 2953 442 3028 porta
470 2945 566 3010 sancti
588 2943 751 3022 lobannis,
788 2965 866 3028 quae
889 2946 967 3029 apud
991 2947 1131 3030 antiquos
1152 2947 1425 3034 Assenaricat)

128 3049 295 3116 dicebatur.

214 3156 300 3220 Nona
323 3163 411 3238 porta
433 3155 612 3220 Metrosa
626 3153 654 3239 ⁶)
678 3154 797 3236 dicitur,
823 3163 856 3220 et
877 3175 980 3222 coram
1002 3156 1067 3220 istis
1090 3155 1235 3222 ambabus
1257 3157 1306 3222 via
1321 3156 1427 3222 Latina

127 3261 215 3326 iacet.

214 3365 339 3430 Decima
362 3373 450 3449 porta
469 3373 504 3430 et
525 3365 573 3428 via
595 3364 737 3431 Latina
760 3365 879 3430 dicitur.
922 3365 1007 3432 luxta
1038 3385 1104 3430 eam
1128 3367 1287 3450 quiescunt
1316 3368 1348 3430 in
1369 3387 1427 3432 vna

7 3547 8 3550 Ἴ
129 3472 261 3537 ecclesia
283 3471 435 3560 Martyres
459 3468 628 3533 Gordianus
651 3477 682 3534 et
704 3469 893 3554 Epimachus,
918 3471 1078 3554 Sulpicius,
1102 3471 1297 3550 Seruilianus,
1332 3472 1427 3548 Quin-

7 3559 8 3600 ³
127 3563 217 3655 tinus,
241 3577 383 3654 Quartus,
408 3573 530 3656 Sophia,
553 3571 775 3658 triphenus.⁷)
820 3574 857 3638 Et
879 3575 920 3638 ibi
952 3576 1100 3658 propalo
1132 3575 1190 3640 alio
1212 3576 1282 3646 loco
1305 3577 1428 3659 'leutul-

130 3679 238 3759 liaous,
261 3690 293 3745 et
315 3700 375 3744 non
398 3680 492 3770 longe
515 3679 645 3746 ecclesia
669 3681 778 3744 beatae
801 3678 970 3764 Eugeniae,
1004 3680 1035 3741 in
1068 3697 1127 3762 qua
1149 3681 1228 3758 iacet
1248 3671 1283 3744 'et
1305 3681 1429 3747 claudia

8 3821 9 3854 r
129 3791 227 3852 mater
250 3788 315 3852 eiu's
339 3794 370 3850 et
392 3785 562 3868 Stephanus
582 3785 663 3875 Papa
686 3804 754 3848 cum
777 3785 861 3848 clero
894 3802 950 3849 suo
979 3801 1107 3874 numero
1132 3781 1183 3849 19.
1214 3793 1245 3848 et
1266 3785 1428 3852 Nemesius

130 3889 285 3957 diaconus.

179 3987 380 4060 *Undecima
402 4002 489 4078 porta
512 4002 544 4058 et
565 3994 613 4058 via
637 3993 745 4060 dicitur
767 3993 906 4079 Appia.
940 3993 984 4056 lbi
1006 3993 1203 4078 requiescunt
1225 4003 1349 4068 sanctus
1373 3995 1429 4062 Sc·

130 4097 286 4164 bastianus
316 4107 348 4164 et
370 4097 523 4177 Quirinus,
559 4105 590 4162 et
623 4097 693 4162 olim
727 4099 770 4164 ibi
799 4099 1021 4182 requieuerunt
1042 4095 1258 4180 Apostolorum
1291 4109 1430 4184 corpora.

129 4201 167 4266 lit
195 4202 285 4288 paulo
323 4203 448 4287 propius
477 4203 602 4267 Romam
636 4209 706 4268 sunt
743 4210 894 4288 martyres
923 4201 1093 4280 Ianuarius,
1122 4201 1275 4282 Vrbaous,
1310 4197 1429 4282 Xenon,

202 4467 228 4535 l)
247 4469 281 4519 al.
300 4467 469 4520 Domiuanda
485 4475 562 4522 rema.
638 4468 666 4535 2)
684 4471 721 4525 ul.
737 4468 875 4522 Praxedr's.
952 4463 982 4535 a)
1001 4468 1035 4520 ul⁴
1054 4465 1171 4520 Triienn
1251 4463 1281 4530 t)
1298 4469 1337 4521 at.
1354 4465 1430 4520 Seru-

129 4571 235 4608 uuauna.
254 4557 336 4606 omo.
353 4555 409 4607 aid.
428 4556 591 4610 Sessurime.
697 4555 724 4623 t)
740 4558 775 4608 al.
792 4555 958 4622 madeant,
983 4571 1032 4623 aaa.
1047 4554 1192 4619 Aelnerlca,
1224 4557 1290 4606 sicat
1307 4552 1336 4605 in
1352 4555 1428 4607 codd.

131 4644 264 4698 namatio
281 4644 371 4698 Decea.
388 4646 460 4708 plen.
566 4643 595 4713 6)
618 4647 653 4696 ot
672 4633 790 4696 Metrosi.
807 4645 865 4696 Sar.
881 4641 1020 4696 Metrcvia.
1124 4635 1155 4711 7)
1172 4643 1209 4694 ol.
1226 4639 1396 4710 triphoniae.
